2954 4980
624 271 843 335 ..40-

149 437 256 502 nionis
284 440 452 518 tamquam
481 455 594 497 ansam
618 432 681 496 sibi
704 431 814 497 datam
839 453 909 496 esse
932 434 1049 515 putant
1071 430 1134 496 viri
1157 430 1248 496 dooti
1267 453 1323 497 no-

150 543 236 607 mine
260 542 316 605 illo
341 538 512 622 Chaorum,
535 561 592 622 pro
617 560 681 622 quo
704 537 790 621 apud
809 537 1060 622 Xenophontem
1083 535 1325 623 „Taoeborum“

150 671 270 713 nomen
288 648 416 732 legitur.
454 644 614 721 Quoniam
635 646 721 709 enim
740 645 774 709 in
794 644 918 729 exiguis
937 645 1002 709 illis
1021 642 1220 729 Sopbaeneti
1240 643 1326 709 Ana-

150 756 240 820 basis
267 752 472 839 fragmentis,
501 750 708 835 aStephano
737 751 895 836 Byzantio
923 750 1062 815 serratis
1086 774 1111 815 s.
1133 773 1163 816 v.
1186 749 1326 830 Ταόχων

150 863 230 927 haec
257 861 462 946 reperiuntur
489 857 626 939 ,,Τάοχοι
657 857 751 924 ἔθνος
774 858 935 937 ἐνδοτέρω
958 861 1016 923 τοῦ
1038 857 1179 923 Πόντου.
1228 859 1326 938 Καλὴ

152 970 242 1050 χώρα
270 967 365 1033 οὕτω.
416 966 558 1030 Τούτους
585 966 670 1029 τινὲς
697 964 802 1029 Τάους
831 967 992 1044 καλοῡςιν,
1024 964 1069 1029 ὡς
1100 963 1327 1045 (οφαίνετοςύι,

152 1077 261 1160 aliqua
283 1073 568 1141 verisimilitudine
588 1070 785 1155 Sophaeneti
813 1071 893 1135 illud
916 1069 1012 1137 Τάων
1034 1071 1070 1136 in
1095 1069 1192 1136 Χάων
1218 1092 1326 1136 corru-

151 1187 245 1269 ptum
265 1203 337 1245 esse·
355 1178 561 1245 contendunt.
599 1175 661 1242 Sed
680 1201 753 1242 eum
772 1179 811 1242 de
829 1177 1026 1262 reliquorum
1045 1177 1214 1242 nominum
1232 1200 1327 1262 repu-

153 1288 296 1373 gnantia,
315 1308 396 1371 quae
416 1289 523 1350 exstat
537 1285 621 1349 inter
636 1285 675 1349 D.
689 1285 856 1364 Ἅρπαγον
876 1285 1022 1364 ποταμόν
1037 1287 1070 1350 et
1082 1283 1121 1348 X.
1137 1281 1209 1371 (IV,
1225 1286 1255 1370 7,
1271 1282 1327 1372 18)

151 1395 316 1474 Ἅρπαςον
340 1392 498 1472 ποταμόν;
528 1393 612 1456 inter
634 1391 674 1455 D.
698 1391 887 1456 (κουτίνους
910 1394 944 1455 et
967 1389 1006 1456 X.
1030 1390 1212 1468 (κυθίνους;
1241 1391 1329 1457 inter

152 1501 192 1565 D.
217 1499 390 1580 Γυμναςίαν
418 1499 513 1563 πόλιν
531 1502 575 1581 ,οδ
601 1497 641 1562 X.
666 1498 835 1578 Γυμνιάδα;
865 1498 951 1562 inter
974 1496 1014 1561 D.
1040 1498 1158 1577 Χήνιον
1188 1496 1267 1578 ὄρος
1295 1500 1329 1563 ot

153 1608 192 1673 X.
211 1610 300 1689 Θήχη
325 1606 401 1687 ὄρος
424 1627 528 1690 neque
552 1606 681 1670 aliunde
705 1605 881 1691 quidquam
906 1605 1123 1689 acceperimus
1141 1626 1247 1688 neque
1266 1605 1330 1689 ipsi

153 1715 234 1782 certi
266 1714 440 1798 quidquam
474 1712 619 1778 divinare
652 1714 827 1796 possimus,
860 1712 966 1796 quoad
998 1712 1093 1776 novis
1127 1713 1330 1796 argumentis

154 1822 369 1905 instruamur,
406 1820 630 1903 quaestionem
668 1819 843 1884 diiudicare
879 1840 946 1883 non
977 1818 1096 1885 licebit.
1145 1817 1331 1904 Utcumque
1414 1822 1416 1827 ’

156 1931 264 1991 autem
297 1949 348 1991 res
381 1929 445 2011 est,
470 1926 511 1989 in
543 1926 622 2010 ipsis
650 1925 837 1991 nominibus
866 1925 1068 2009 proferendis
1097 1946 1225 1990 summa
1254 1947 1331 2017 con·

156 2034 279 2099 stantia
306 2033 485 2111 Diodorum
519 2056 538 2097 a
566 2031 784 2116 Xenophonte
817 2033 896 2097 duce
929 2032 1115 2097 discessisse
1147 2054 1206 2116 pro
1242 2036 1331 2099 certo

156 2141 313 2205 affirmari
335 2144 453 2224 potest.
494 2139 607 2224 Neque
631 2143 741 2203 tamen
763 2138 811 2203 ita
834 2140 875 2203 ad
899 2140 1038 2203 alterum
1055 2138 1179 2204 fontem
1199 2141 1332 2221 transit,

154 2250 191 2310 ut
203 2245 452 2330 Xenophontem
473 2247 603 2310 omnino
622 2268 689 2310 non
707 2247 741 2309 in
765 2246 915 2310 manibus
939 2245 1092 2310 habuisse
1116 2268 1190 2310 eum
1213 2267 1333 2332 cogno·

156 2355 273 2416 scatur.
297 2351 381 2427 Quid
397 2353 481 2436 quod
492 2352 579 2416 haud
591 2375 664 2427 rau>
676 2352 805 2416 eaedem
815 2353 940 2436 figurae
950 2353 1124 2436 eademque
1134 2353 1235 2417 verba
1245 2354 1332 2438 apud

155 2462 328 2543 utrumque
348 2458 651 2544 deprehenduntur?
676 2456 728 2523 Sic
746 2458 889 2522 fluminis
907 2457 1065 2538 Ἁρπάςου
1085 2457 1138 2544 (D.
1153 2458 1333 2546 Ἁρπάγου)

155 2565 296 2630 latitudo
316 2567 428 2631 eadem
451 2566 593 2630 traditur
615 2563 779 2652 (πλέθρων
797 2564 973 2644 τεττάρων;
997 2563 1036 2630 Ι).
1052 2567 1081 2630 2.
1095 2564 1134 2631 X.
1147 2565 1204 2650 IV,
1220 2567 1251 2650 Ἰ,
1267 2565 1333 2653 18),

157 2673 203 2737 sic
230 2677 404 2757 postquam
433 2673 513 2752 πρὸς
541 2672 637 2737 πόλιν
666 2671 807 2751 μεγάλην
838 2672 1012 2751 Γυμναςίαν
1041 2669 1107 2758 (X,
1136 2675 1156 2752 ἣ
1185 2672 1333 2739 ἐκαλεῖτο

159 2777 304 2864 Γυμνιάς)
328 2779 470 2844 Graecos
498 2780 683 2861 pervenisse
713 2779 907 2861 audivimuS,
943 2778 1106 2846 similiter.
1125 2778 1334 2864 insequentia

157 2885 327 2948 enuntiata
351 2886 507 2968 incipiunt
528 2884 586 2969 „D.
602 2887 622 2965 ξ
637 2886 670 2950 3:
694 2886 728 2950 ἐκ
751 2887 787 2950 δὲ
810 2887 926 2966 ταύτης
950 2885 969 2948 ὁ
991 2888 1058 2949 τῶν
1075 2884 1187 2950 τόπων
1205 2887 1334 2953 τούτων

157 2990 414 3071 ἀφηγούμενος“;
438 2990 477 3055 Χ.
492 2990 550 3075 IV,
566 2992 594 3075 7,
612 2992 665 3056 19:
684 2993 738 3071 „iu
755 2992 871 3072 ταύτης
891 2991 984 3070 ὁτῆς
1003 2992 1111 3071 χώρας
1130 2990 1265 3074 ἄρχωνίί,
1286 2994 1335 3059 sic

157 3098 290 3162 tandem
322 3099 428 3164 locum
462 3099 569 3183 illum,
607 3099 661 3182 qui
692 3100 832 3185 primum
868 3098 1001 3163 Graecis
1034 3102 1200 3181 aspectum
1232 3101 1335 3167 maris

156 3205 347 3288 praebebat,
380 3205 495 3269 iisdem
523 3208 685 3271 coloribus
714 3242 755 3252 —
784 3207 817 3269 id
845 3206 931 3289 quod
958 3206 1162 3289 Kruegerum
1192 3209 1225 3270 et
1252 3206 1334 3272 Gro-

157 3311 240 3375 tium
267 3330 333 3374 non
361 3309 476 3395 effugit
507 3349 544 3358 -
576 3313 737 3396 depictum
766 3333 837 3376 esse
865 3312 1001 3396 singulis
1029 3312 1336 3390 demonstrabimus

158 3414 389 3499 Comparemus
418 3417 516 3481 enim:
544 3418 583 3483 D.
611 3419 674 3497 ,μδς
704 3417 792 3482 εἶδον
823 3416 1036 3497 πορευόμενοι
1063 3417 1094 3482 οἱ
1122 3422 1244 3497 πρῶτοι
1274 3423 1334 3500 τὴν

159 3522 320 3588 θάλατταν
339 3573 347 3590 .
366 3573 373 3587 .
392 3524 543 3604 τοιαύτην
567 3518 704 3589 ἐποίουν
723 3526 864 3604 κραυγὴν
887 3523 967 3588 ὥςτε
991 3525 1066 3588 τοὺς
1090 3524 1142 3589 ἐπὶ
1160 3530 1216 3605 τῆς
1235 3525 1331 3605 οὐρα-

157 3629 229 3706 γίας
243 3627 340 3694 ὄντας
354 3629 641 3711 ὑπολαμβάνοντας
656 3631 818 3711 πολεμίων
833 3630 957 3710 ἔφοδον
972 3629 1167 3715 eluu1“,eum
1182 3629 1239 3716 IV,
1251 3634 1279 3716 7,
1290 3633 1331 3697 21

159 3739 191 3799 et
211 3736 254 3800 22
276 3737 365 3815 ,,ἐπεὶ
393 3740 429 3801 δὲ
453 3737 483 3801 οἱ
506 3741 628 3817 πρῶτοι
652 3740 805 3815 ἐγένοντο
829 3737 881 3801 ἐπὶ
908 3741 967 3800 τοῦ
991 3736 1087 3817 ὄρους
1110 3739 1161 3802 καὶ
1184 3743 1334 3804 κατεῖδον

157 3844 216 3920 τὴν
235 3841 405 3922 θάλατταν,
425 3846 545 3924 κραυγὴ
565 3824 669 3922 πολλὴ
689 3845 828 3921 ἐγένετο.
857 3841 992 3908 άκούςας
1012 3845 1047 3907 δὲ
1067 3843 1263 3923 ὁΞενοφῶν
1282 3847 1334 3910 καὶ

158 3949 189 4013 οἱ
199 3948 455 4028 ὀπιςθοφύλακες
466 3951 613 4034 ᾡήθηςαν
623 3949 800 4030 ἔμπροςθεν
809 3947 927 4013 ἄλλους
936 3950 1125 4015 ἐπιτίθεςθαι
1134 3948 1335 4030 πολεμίουςῆ

247 4053 349 4119 Porro
365 4056 488 4139 respice
503 4055 543 4120 D.
562 4055 624 4136 „dic
635 4055 663 4119 δ’
671 4055 811 4120 ἅπαντες
825 4054 984 4135 ἀνέβηςαν
994 4057 1046 4121 ἐπὶ
1060 4058 1119 4122 τὸν
1132 4057 1254 4123 τόπον“
1268 4062 1333 4123 κτλ.

159 4163 192 4224 et
212 4158 252 4223 X.
269 4161 297 4244 7,
312 4159 367 4224 25:
389 4162 479 4240 ,,ἐπεὶ
502 4163 537 4226 δὲ
561 4160 717 4241 ἀφίκοντο
741 4161 860 4226 πάντες
883 4162 936 4225 ἐπὶ
958 4163 996 4226 τὸ
1020 4160 1146 4242 άκρονίί.

247 4266 394 4352 Denique
426 4269 541 4332 iisdem
572 4270 624 4333 vel
653 4269 814 4334 similibus
842 4270 951 4334 verbis
980 4291 1059 4334 saxa
1087 4292 1106 4333 a
1133 4268 1264 4334 Graecis
1293 4270 1334 4341 ad

159 4377 405 4438 monumentum
420 4377 647 4441 exstruendum
663 4378 835 4460 apportata
849 4375 888 4440 D.
906 4379 1173 4460 ,,ςυνενέγκαντες
1193 4376 1333 4453 λίθους“;
