3022 4972
589 313 835 379 -15-.

108 480 288 543 scrutemur
313 496 382 540 rem
406 475 598 539 accuratius!
645 473 797 557 Xeniam,
824 471 1080 557 Sophaenetum,
1108 470 1284 557 Socratem,

106 583 277 648 Pasionem
311 581 453 646 Arcades
487 584 520 644 et
550 579 699 646 Achaeos
739 580 922 666 adduxisse,
959 601 1155 664 quamquam
1186 579 1282 644 initio

108 690 240 774 quidem
254 689 468 773 expeditionis
487 709 553 753 non
572 687 691 752 diserte
708 688 855 771 refertur,
873 691 983 752 tamen
1002 709 1041 752 ex
1057 688 1127 763 loco
1143 686 1282 770 quodam
1384 691 1386 694 ’

106 795 184 880 (VI,
208 797 243 879 2,
269 793 323 882 10)
357 795 502 860 conicere
534 794 621 859 licet.
676 794 800 870 Quibus
834 794 1038 878 praetoribus
1070 790 1283 876 fugitivorum

106 907 294 988 praetorum
313 901 437 966 Xeniae
461 905 494 966 et
512 901 661 966 Pasionis
681 900 720 988 (Ι,
738 902 770 986 4,
791 897 846 986 17)
870 901 981 984 copiae
1003 899 1194 965 tribuendae
1213 921 1283 964 esse

106 1010 290 1092 videantur,
324 1011 440 1093 postea
473 1009 684 1073 enarrabitur.
735 1007 875 1073 Tantum
905 1011 1046 1092 constat,
1078 1009 1112 1073 in
1141 1007 1283 1073 Socratis

108 1117 233 1183 Achaei
264 1117 370 1180 locum
402 1115 609 1180 Xanthiclem
639 1115 806 1180 Achaeum
835 1117 1028 1181 successisse
1057 1113 1134 1200 (ΙΙΙ,
1159 1116 1191 1198 1,
1214 1111 1283 1200 41).
1326 1099 1331 1110 ’

108 1223 203 1300 Quod
231 1222 272 1287 ad
297 1219 487 1288 Clearchum
511 1222 803 1287 Lacedaemonium
831 1223 988 1307 pertinet,
1014 1224 1173 1286 nontam
1197 1243 1283 1287 eom·

109 1330 219 1394 munis
242 1329 369 1412 patriae
392 1328 531 1414 vinculo,
555 1351 652 1413 quam
676 1329 887 1394 diuturnitate
909 1330 1070 1395 bellorum
1093 1330 1127 1394 in
1144 1330 1284 1394 Thracia

108 1440 277 1522 gestorum
306 1457 378 1500 cum
405 1434 566 1500 militibus
595 1435 660 1499 suis
684 1434 740 1520 (ΙΙ,
760 1437 789 1520 6,
808 1435 843 1520 5)
871 1437 1060 1502 coniunctus
1088 1439 1166 1501 erat
1211 1435 1281 1511 Quo

105 1547 223 1620 necato
261 1542 429 1607 Timasion
465 1540 668 1626 Dardanius,
708 1565 846 1627 quocum
883 1541 1058 1609 Clearchus
1096 1547 1191 1608 autea
1228 1542 1283 1607 diu
1399 1619 1404 1626 ³

109 1650 271 1735 stipendia
295 1649 416 1714 fecerat
438 1645 493 1734 (V,
512 1649 542 1732 6,
560 1646 629 1734 24),
651 1653 783 1732 praetor
802 1650 970 1715 sufficitur.
1007 1648 1113 1714 Simili
1132 1650 1227 1715 modo
1249 1651 1283 1715 in

105 1759 213 1823 locum
236 1756 374 1821 Proxeni
401 1755 587 1820 obtruncati
610 1757 732 1821 amicus
760 1757 829 1821 eius
858 1757 1016 1822 sufficitur
1041 1756 1224 1841 Xenophon
1252 1760 1285 1821 et

106 1863 203 1930 Neon
229 1863 391 1929 Asinaeus
415 1860 486 1948 (VI,
505 1863 535 1946 4,
554 1861 611 1948 23)
641 1863 675 1926 in
701 1865 808 1928 locum
832 1862 1034 1949 Chirisophi,
1053 1857 1159 1948 'quem
1187 1865 1283 1929 ἑπτα-

106 1971 223 2038 necron
251 1969 509 2049 Λακεδαιμονίων
535 1970 624 2048 παρὰ
652 1971 743 2055 Κύρῳ
772 1977 978 2052 (τρατηγῆεαι
1011 1994 1050 2036 ex
1077 1973 1147 2037 loco
1170 1971 1195 2054 I,
1214 1973 1284 2057 4,3

107 2080 236 2145 scimus.
295 2075 466 2141 Menonem
509 2076 645 2160 denique
682 2076 875 2141 Thessalum
911 2077 1070 2162 Dolopes,
1110 2077 1283 2163 Aenianes,

108 2184 284 2270 Olynthios
319 2183 490 2248 adduxisse
522 2182 551 2267 I,
574 2184 653 2267 2,6
686 2185 909 2268 comperimus.
965 2184 1073 2248 Unum
1104 2184 1186 2249 illud
1217 2207 1284 2250 non

106 2296 255 2377 apparet,
278 2290 357 2375 quid
379 2290 485 2373 fuerit,
508 2311 565 2353 eur
582 2289 716 2355 Menoni
735 2291 892 2356 Thessalo
912 2291 1103 2356 successerit
1120 2290 1282 2355 Philesius

107 2399 269 2464 Achaeus,
307 2395 369 2460 Sed
391 2396 491 2460 simili
510 2397 640 2462 vinculo
660 2400 757 2482 atque
776 2402 899 2465 ceteros
918 2399 980 2464 hos
999 2420 1127 2483 qnoque
1145 2399 1230 2462 inter
1249 2420 1284 2463 sc

104 2505 299 2569 coniunctos
324 2504 425 2567 fuisse
449 2503 595 2568 conicere
619 2505 706 2569 licet.

199 2612 288 2689 Quae
313 2633 385 2675 cum
408 2611 456 2675 ita
480 2611 556 2694 sint,
578 2633 619 2674 ne
643 2610 724 2674 illud
744 2611 872 2694 quidem
892 2612 1019 2696 mirum,
1042 2612 1121 2677 belli
1138 2611 1284 2676 facinora

107 2718 241 2804 egregia
268 2718 303 2781 iu
330 2716 535 2801 praetoribus
561 2722 691 2800 praeter
717 2716 966 2803 Xenophontem
994 2721 1027 2781 et
1053 2716 1283 2802 Chirisophum

106 2825 200 2890 nullo
224 2826 295 2890 loco
319 2824 468 2907 spectari.
504 2820 590 2887 Nam
613 2825 672 2908 illi,
696 2846 769 2889 cum
793 2825 871 2889 ordo
895 2824 1034 2889 maxime
1058 2828 1091 2889 et
1114 2824 1285 2909 disciplina

106 2932 150 2996 iis
175 2953 268 2997 curae
292 2932 345 3015 sit,
368 2931 403 2995 in
426 2952 484 2995 suo
509 2931 643 3014 quisque
666 2933 737 2996 loco
761 2935 937 3016 remanent,
961 2936 996 2996 at
1019 2933 1223 2996 centuriones
1244 2930 1285 2996 ad

109 3039 332 3123 expeditiones
352 3037 500 3102 difficiles
519 3042 737 3121 provocantur
752 3035 822 3123 (IV,
840 3040 867 3123 1,
881 3041 937 3122 273
958 3039 987 3123 6,
1002 3040 1058 3121 203
1078 3040 1106 3122 7,
1122 3039 1161 3102 11
1178 3042 1211 3101 et
1230 3035 1284 3123 12)

107 3150 143 3211 et
171 3147 205 3210 in
233 3145 339 3229 prima
365 3145 432 3209 acie
456 3144 586 3210 virtutis
609 3148 773 3210 certamen
796 3145 881 3210 inter
905 3167 939 3210 se
962 3144 1197 3230 ineunt(V,2,
1218 3141 1284 3230 11).

199 3251 290 3317 Haec
313 3252 422 3335 habui,
446 3273 527 3335 quae
551 3251 743 3317 denomino
768 3255 800 3315 et
822 3251 1010 3316 muneribus
1034 3255 1218 3331 (τρατηγοῦ,
1243 3249 1283 3315 ab

107 3358 378 3442 Henrychovskio
401 3380 517 3443 parum
540 3363 688 3422 accurate
712 3358 906 3443 explanatis,
931 3358 1147 3443 adiungerem.
1193 3357 1284 3442 Ergo

106 3465 270 3551 praetoris
298 3487 418 3530 nomen
444 3486 510 3529 non
538 3464 668 3529 inanem
697 3465 797 3531 fnisse
825 3466 997 3550 honorem,
1030 3464 1086 3530 sed
1112 3465 1285 3548 imperium

107 3573 276 3657 copiarum
290 3572 484 3638 necessitate
499 3570 639 3654 quadam
658 3594 731 3636 cum
749 3573 879 3637 nomine
898 3571 1058 3657 praeteris
1078 3572 1284 3637 coniunctum

107 3680 212 3746 fuisse
237 3718 275 3727 -
301 3680 334 3745 id
362 3678 448 3764 quod
476 3677 697 3744 demonstrare
725 3679 805 3743 mihi
833 3683 904 3744 erat
930 3677 1135 3763 propositum
1161 3715 1200 3726 -
1224 3703 1284 3764 pro

108 3792 201 3853 certo
225 3787 382 3853 affirmari
404 3789 523 3870 potest.

200 3895 249 3960 De
277 3917 340 3980 qua
367 3915 402 3958 re
429 3890 678 3977 Kruegerum3l)
706 3915 832 3960 mecum
860 3895 1043 3960 consentire
1070 3894 1178 3980 video,
1211 3917 1284 3960 cum

107 4004 191 4069 haec
218 4004 305 4068 dicat
326 4001 479 4086 „Strateg
506 4000 629 4066 konnte
658 4023 692 4065 er
715 3998 927 4087 (Xenophon)
956 4000 1039 4066 doch
1062 4024 1123 4066 nur
1146 4003 1284 4081 werden,

108 4132 206 4176 wenn
229 4132 263 4175 er
287 4109 390 4175 selbst
412 4107 484 4172 eine
508 4104 629 4172 Sehaar
652 4108 861 4193 geworbener
884 4106 1019 4172 Stldner
1041 4108 1284 4194 herbeigeftihrt

182 4358 228 4426 37)
252 4357 284 4410 In
307 4355 511 4426 disputatione,
535 4372 607 4425 quac
629 4355 791 4411 inscribitur
814 4354 915 4424 „Noch
938 4355 984 4409 ein
1001 4354 1084 4410 Wort
1107 4356 1176 4410 fiber
1194 4356 1283 4412 Xeno-

108 4445 201 4516 phons
220 4445 421 4515 GeburtsJ‘ahr“
440 4463 468 4514 p.
487 4451 530 4500 47.
