2954 4980
694 284 909 349 „23-

213 448 366 512 habuisse
390 446 602 532 suspicemur3
630 447 731 511 immo
754 449 824 511 tum
848 446 989 530 primum
1012 452 1146 533 propter
1168 449 1287 513 merita
1310 471 1394 537 erga

213 575 325 640 regem
352 575 391 616 ex
420 552 617 619 obscuritate
646 552 687 617 ad
703 553 938 618 'auctoritatem
961 557 994 618 et
1016 554 1156 619 honores
1180 578 1254 621 eum
1278 579 1392 627 ascen-

214 660 298 725 disse
331 663 473 744 apparet.
527 659 619 738 Quod
651 662 759 724 autem
793 660 900 743 spatio
933 658 1153 746 intermisso⁸)
1183 661 1393 731 Pharnabazi

212 787 331 835 nomen
362 790 473 833 rursus
503 768 533 834 ei
559 768 660 833 invito
691 767 808 833 excidit
835 766 932 852 35,2
961 804 1001 815 -
1030 790 1089 853 pro
1119 791 1181 853 quo
1209 771 1343 835 nomine
1373 796 1393 838 a

213 873 381 940 Dindorfio
409 875 443 939 in
471 876 547 940 edit.
576 874 734 940 Teubner.
760 875 844 940 1867
872 897 990 940 nomen
1012 874 1240 960 Tissaphernis
1267 878 1393 945 iniuria

214 982 427 1048 substitutum
456 1005 527 1049 esse
555 1004 670 1048 censeo
693 981 821 1048 -hoc
849 984 960 1048 nescio
989 1006 1031 1048 an
1054 1005 1093 1048 cx
1116 982 1228 1049 eodem
1250 984 1393 1052 Diodori

213 1112 321 1154 errore
351 1092 402 1155 vel
424 1091 632 1176 neglegentia
654 1090 749 1154 facile
773 1091 912 1155 alterum
933 1113 1052 1156 nomen
1075 1113 1147 1156 cum
1172 1093 1274 1157 altero
1299 1115 1389 1160 com-

215 1197 372 1261 mutantis
401 1198 583 1283 profectum
613 1197 665 1261 sit.
711 1195 798 1272 Quae
827 1219 898 1262 cum
927 1198 976 1263 ita
998 1197 1077 1282 sint,
1104 1197 1298 1285 Diodorum,
1325 1202 1393 1268 nisi

214 1303 300 1367 forte
323 1304 417 1388 fonti,
441 1327 536 1390 quem
559 1307 688 1368 secutus
712 1307 770 1388 est,
792 1304 882 1369 illam
904 1305 1074 1370 nominum
1092 1305 1306 1371 mutationem
1329 1308 1392 1373 im-

214 1409 408 1498 putamus9),
428 1410 569 1476 auctoris
588 1411 639 1475 sui
657 1411 731 1495 ipsa
748 1411 847 1475 verba
865 1411 972 1475 minus
992 1411 1084 1475 anxie
1102 1412 1138 1476 in
1155 1411 1393 1480 bibliothecam

214 1518 491 1603 transsumpsisse,
519 1540 615 1603 quam
642 1518 786 1602 plerique
812 1517 878 1581 viri
906 1517 994 1583 docti
1017 1519 1121 1583 adhuc
1144 1510 1396 1606 contenderunt,

215 1626 395 1691 luculenter
417 1646 470 1689 me
492 1626 731 1690 demonstrasse
756 1625 903 1690 arbitror.

303 1732 417 1817 Neque
436 1752 512 1816 vero
526 1731 729 1796 Kaemmelio
738 1728 777 1818 ¹⁰)
796 1732 898 1796 ullam
916 1733 1001 1796 inter
1015 1731 1211 1800 Diodoream
1230 1737 1263 1798 et
1282 1733 1394 1800 Xeno-

215 1842 390 1925 phonteam
418 1838 638 1903 narrationem
663 1839 859 1902 intercedere
885 1840 1155 1905 necessitudinem
1177 1865 1311 1928 prorsus
1336 1866 1396 1908 ne·

215 1948 307 2033 ganti
328 1946 500 2031 suffragari
517 1968 660 2029 possum.
690 1945 795 2010 Immo
814 1968 865 2011 res
884 1946 1023 2012 fortasse
1043 1949 1201 2014 iam-inde
1221 1973 1240 2014 a
1259 1972 1330 2035 cap.
1348 1952 1395 2016 23

163 2083 165 2087 ’
215 2059 235 2133 ξ
260 2055 290 2138 l,
318 2057 402 2119 certe
416 2053 459 2117 in
489 2076 557 2138 cap.
575 2053 633 2137 24,
660 2054 765 2119 multo
794 2054 869 2118 illae
894 2055 1022 2138 quidem
1050 2056 1195 2139 breviuS,
1226 2057 1281 2120 sed
1304 2057 1396 2123 haud

216 2163 310 2226 aliter
339 2164 435 2244 atque
464 2184 483 2225 a
511 2160 726 2244 Xenophonte
758 2164 832 2225 sunt
863 2164 1041 2226 enarratae.
1091 2162 1221 2227 Etenim
1251 2185 1325 2227 cum
1352 2164 1396 2229 de

215 2269 287 2354 ipsa
314 2289 426 2353 pugna
452 2270 529 2350 post
556 2268 762 2333 vulneratum
789 2271 999 2332 Artaxerxem
1028 2290 1044 2331 e
1073 2266 1202 2334 Ctesias
1230 2293 1397 2336 commen-

215 2376 307 2440 tariis
332 2397 390 2459 per
408 2373 619 2438 Plutarchum
639 2375 798 2459 excerptis
816 2375 899 2438 nihil
918 2374 1005 2439 aliud
1025 2377 1269 2461 comperiamus,
1292 2400 1396 2463 quam

215 2504 325 2568 regem
342 2482 408 2545 iam
423 2481 512 2545 omni
527 2503 583 2564 spe
598 2481 757 2546 deiectum
776 2481 886 2565 fuisse,
905 2504 977 2546 eum
996 2483 1111 2547 nuntio
1131 2484 1169 2547 de
1187 2481 1266 2567 Oyri
1284 2489 1396 2550 morte

97 2641 100 2646 .
215 2614 301 2656 nova
325 2613 382 2674 spe
404 2586 591 2670 impleretur
609 2586 675 2672 (12,
690 2583 757 2673 25),
780 2587 942 2654 Diodorus
965 2590 1038 2653 inde
1063 2613 1082 2654 a
1101 2613 1170 2674 cap.
1189 2592 1232 2656 24
1247 2592 1396 2676 primum

215 2699 370 2762 Ariaeum
384 2704 389 2716 ¹
404 2695 443 2759 de
475 2693 610 2758 interitu
641 2691 717 2777 Cyri
750 2695 920 2759 certiorem
947 2696 1070 2761 factum
1098 2698 1197 2778 „epm
1225 2719 1296 2762 τινα
1326 2705 1396 2764 τῶν

216 2804 306 2869 ἰδίων
334 2797 576 2887 (ταθμῶνίίη)
600 2799 771 2884 refugisse,
800 2804 869 2866 tum
894 2800 1085 2869 Clearchum
1119 2828 1138 2868 a
1169 2807 1395 2891 persequendo

215 2909 380 2977 destitisse
408 2908 609 2991 veritumque
636 2929 677 2971 ne
704 2907 815 2973 hostes
846 2910 961 2974 castris
985 2909 1063 2996 (tyri
1091 2911 1224 2995 direptis
1232 2909 1270 2998 12)
1294 2913 1395 2999 signa

215 3020 250 3083 in
274 3039 308 3082 se
332 3017 571 3099 converterent,
593 3037 711 3079 novam
735 3015 837 3079 aciem
860 3016 1055 3100 instituisse,
1079 3017 1216 3102 denique
1238 3020 1394 3085 hostibus

215 3179 428 3191 .......-...---

216 3268 244 3321 ut
255 3268 368 3320 Ἰωνικαὶ
382 3265 474 3318 πόλει(
483 3264 685 3331 Τιεεαφέρνουε
698 3264 732 3317 τὸ
747 3264 861 3331 ἀρχαῖον
876 3264 907 3317 ἐκ
921 3266 1050 3329 βααλέωε
1064 3267 1217 3332 δεδομέναι.
1241 3267 1336 3322 Thus
1341 3268 1393 3337 yd.

216 3355 294 3424 VIII,
314 3359 343 3421 5,
364 3359 392 3406 4:
422 3355 466 3406 sel
488 3353 564 3418 παρὰ
586 3353 800 3420 Τιεεαφέρνοαε,
829 3354 859 3406 δε
887 3356 985 3418 βααλεῑ
1008 3354 1120 3424 Δαρείῳ
1144 3363 1186 3425 τῷ
1210 3357 1394 3424 Ἀρταξέρξου

216 3444 369 3513 (τρατηγὸε
385 3444 421 3510 ἠν
439 3446 498 3495 τῶν
517 3441 593 3494 κάτω
612 3444 669 3494 κτλ.

287 3538 314 3598 8)
334 3538 377 3599 27,
396 3535 425 3584 4:
445 3529 662 3598 Tissaphernem
679 3528 710 3583 in
727 3529 834 3584 Ioniam
853 3530 970 3586 rediisse
989 3536 1168 3589 memoratur.

236 3681 240 3688 ,
287 3621 314 3689 9)
333 3621 393 3674 Ηοα
412 3618 526 3689 probari
542 3635 598 3672 non
617 3619 723 3688 potest,
742 3618 809 3687 quia
828 3635 922 3674 omnes
941 3621 1105 3691 scriptores,
1124 3640 1195 3690 quos
1213 3622 1328 3690 quidem
1348 3624 1393 3677 in-

216 3709 311 3782 spexi,
329 3711 358 3764 in
376 3710 421 3764 his
439 3707 576 3778 Iustinus,
596 3705 740 3763 Cornelius
759 3709 864 3778 Nepos,
883 3710 1060 3781 Plutarchus,
1078 3728 1180 3767 nomen
1195 3709 1394 3782 Tissaphernis

214 3801 289 3854 recte
307 3799 430 3854 tradunt.

289 3889 333 3957 10)
352 3889 419 3958 Peg.
435 3887 582 3942 erudiris:
601 3887 672 3941 Eine
690 3887 905 3957 vergloichende
925 3889 1215 3960 Zusammenstellung
1228 3889 1323 3943 beidor
1337 3889 1392 3942 Re-

154 4037 156 4040 ,
216 3977 342 4032 lationen
361 3975 540 4046 (Xenophons
562 3976 773 4047 und'Diodors)
796 3977 889 4047 ergibt
911 3977 1045 4032 zunaohsr
1067 3976 1118 4032 auf
1138 3977 1187 4032 das
1209 3977 1392 4048 evidenteste,

216 4068 281 4122 dass
300 4065 405 4120 Diodor
427 4083 482 4121 von
500 4066 657 4137 Xenophon
680 4082 751 4136 ganz
775 4067 958 4137 unabhtngig
979 4067 1031 4134 ist,
1055 4066 1118 4122 dass
1141 4067 1301 4137 fiberhaupt
1323 4066 1392 4122 kein

216 4155 459 4225 Zusammenhang
484 4155 582 4210 beidor
603 4155 819 4225 Darstellungen
847 4155 973 4224 besteht,
1001 4156 1054 4210 wie
1076 4155 1184 4213 Diodor
1210 4155 1291 4212 auch·
1311 4158 1391 4212 ronst

215 4245 386 4314 Xenophons
405 4245 491 4298 Werk
509 4244 589 4299 nicht
606 4245 722 4298 benutzt
739 4243 796 4298 hat.

288 4335 333 4403 11)
351 4333 477 4403 Xenoph.
497 4333 519 4402 l,
539 4338 580 4400 10,
601 4338 629 4387 1:
648 4332 686 4387 εἰ(
703 4333 755 4387 τὸν
773 4333 894 4399 (ταθμὸν
912 4335 992 4387 ἔνθεν
1011 4335 1156 4402 ὡρμῶντο.

288 4424 333 4490 12)
351 4422 475 4490 Uterque
493 4421 582 4477 utitur
600 4422 685 4476 verbo
705 4423 871 4489 διαρπάζειν.
