2954 4980
628 334 843 398 „33-

148 493 339 576 scriptorem
373 516 440 557 non
471 516 594 567 morem
626 494 718 557 illum
750 494 946 578 Thucydidis
979 515 1031 557 res
1060 493 1196 578 singulis
1226 494 1320 558 annis

148 604 258 685 gestas
291 601 440 685 deinceps
479 602 651 666 enarrandi
684 604 886 684 persecutum
923 602 979 664 sed
1016 601 1173 684 temporis
1210 601 1320 664 ordine

149 729 245 791 saepe
280 708 429 791 neglecto
462 730 513 773 res
543 732 641 792 quam
669 708 808 772 maxime
835 708 921 773 inter
951 730 984 772 se
1015 707 1217 790 complexum
1251 728 1321 771 esse

148 837 252 899 neque
281 837 356 879 vero
386 803 494 879 studia
521 813 695 901 eorum29),
725 814 779 898 qui
802 813 998 878 Diodoream
1026 816 1058 876 et
1082 814 1322 898 Thucydideam

149 943 307 985 annorum
340 921 502 987 rationem
530 922 615 986 inter
646 943 679 985 se
712 920 941 1004 conciliabant,
973 943 1128 1004 prospero
1157 917 1320 1007 evenere)

148 1028 336 1112 utebantur,
363 1028 541 1094 Diodorum
567 1029 702 1114 Ephoro
731 1029 803 1093 duci
833 1031 939 1092 totum
968 1050 1001 1092 se
1031 1028 1208 1116 applicasse
1235 1028 1322 1092 hand

149 1135 337 1199 incredibile
371 1156 440 1198 esse
473 1136 610 1199 videtur.
660 1134 730 1199 Iam
758 1157 833 1201 vero
863 1157 936 1199 cum
963 1157 1030 1198 non
1059 1135 1102 1198 sit
1128 1135 1321 1219 negandum,

149 1241 244 1304 facile
262 1242 332 1305 fieri
350 1242 504 1326 potuisse,
522 1244 559 1306 ut
579 1241 740 1307 Diodorus
760 1243 865 1326 ipsam
884 1241 1081 1325 Thucydidis
1100 1242 1322 1307 narrationem

149 1348 184 1410 in
213 1348 298 1412 bello
321 1347 595 1431 Peloponnesiaco
626 1349 835 1413 describendo
865 1352 994 1413 secutus
1021 1386 1057 1394 —
1084 1371 1160 1412 nam
1184 1349 1222 1412 de
1246 1369 1321 1425 πεν-

149 1455 357 1538 τηκονταετίᾳ
380 1453 462 1517 nihil
486 1455 567 1518 certi
591 1455 655 1518 dici
673 1459 784 1538 potest
804 1491 845 1500 -
866 1478 978 1519 omnes
997 1459 1179 1538 temporum
1198 1476 1323 1519 errores

150 1561 302 1644 evitaret,
325 1564 434 1624 tamen
458 1561 632 1625 tenendum
656 1567 719 1647 est,
743 1563 842 1627 ctiam
866 1564 900 1626 in
921 1563 961 1626 iis
984 1563 1202 1627 bibliothecae
1225 1561 1324 1646 parti-

154 1668 229 1752 buS,
263 1689 346 1751 quae
379 1666 420 1730 ad
447 1667 617 1751 Ephorum
643 1670 733 1733 nullo
764 1670 859 1734 modo
888 1669 1001 1733 referri
1031 1665 1211 1753 possint31),
1243 1671 1324 1731 tem-

150 1797 266 1857 porum
282 1775 426 1839 ordinem
445 1776 634 1860 plerumque
653 1776 839 1841 foedissime
855 1798 924 1840 esse
939 1776 1173 1860 perturbatum.
1209 1775 1323 1860 Itaque

150 1882 261 1945 nescio
277 1905 319 1946 an
334 1882 368 1945 in
383 1882 569 1946 universum
587 1884 656 1946 iure
676 1884 916 1967 contendamus,
935 1883 1114 1947 Diodorum
1133 1886 1169 1946 ut
1183 1883 1323 1946 aliarum

152 2009 273 2072 rerum,
302 1990 347 2053 sic
370 1992 553 2073 temporum
577 2011 703 2074 quoque
727 1994 874 2056 accurate
899 1990 1184 2074 significandorum
1208 2013 1325 2073 parum

151 2095 325 2180 diligenter
347 2096 507 2160 rationem
530 2096 692 2161 habuisse.
733 2097 936 2180 Quamquam
957 2098 1101 2161 dubitari
1119 2119 1184 2162 non
1207 2100 1325 2179 potest,

152 2200 232 2284 quin
258 2222 499 2284 nonnumquam
527 2205 710 2285 temporum
741 2203 886 2266 ordinem
909 2203 1084 2287 respiciens
1108 2202 1250 2267 studium
1273 2224 1325 2266 res

151 2307 237 2369 inter
271 2328 305 2369 sc
339 2306 500 2371 artissime
532 2309 741 2374 cohaerentes
770 2332 835 2374 uno
862 2313 1031 2393 tamquam
1060 2310 1115 2372 filo
1144 2309 1326 2392 explicandi

154 2411 345 2477 cohibuerit.
383 2411 476 2487 Quod
494 2417 603 2481 nescio
628 2439 669 2481 an
692 2417 812 2500 optime
832 2418 1061 2500 comprobetur
1080 2417 1238 2480 eiusmodi
1261 2415 1325 2479 for·

153 2519 262 2603 mulis,
292 2541 370 2603 quas
400 2521 587 2605 saepissime
611 2523 645 2587 in
667 2524 888 2588 narrationem
915 2520 1097 2607 inseruitll)
1131 2523 1231 2601 ,ἀλλὰ
1254 2523 1326 2600 περὶ

154 2628 211 2705 μὲν
234 2627 358 2692 τούτων
382 2628 418 2692 ἐν
442 2633 510 2692 τοῖς
534 2629 660 2694 οἰκείοις
683 2630 813 2710 χρόνοι(
837 2629 1058 2710 ἀκριβέετερον
1091 2631 1239 2709 ἐροῦμεν,
1271 2630 1326 2694 ἵνα

154 2735 193 2813 μὴ
218 2735 305 2813 παρὰ
328 2735 425 2813 φύειν
448 2736 724 2817 προλαμβάνωμεν
747 2744 785 2822 τῇ
809 2743 917 2820 γραφῇ
940 2738 1016 2800 τοὺ(
1044 2737 1191 2815 καιρούςιι
1219 2734 1325 2824 (ΧΙΙΙ,

152 2841 204 2924 37,
222 2839 257 2927 6)
280 2842 333 2906 vel
356 2840 458 2921 ,ἀλλὰ
481 2846 582 2906 ταῦτα
606 2844 662 2922 μὲν
686 2844 819 2922 ὕετερον
842 2844 1027 2922 πραχθέντα
1054 2844 1196 2911 τεύξεται
1225 2843 1325 2921 λόγου

152 2948 231 3011 κατὰ
258 2950 334 3012 τοὺ(
362 2948 461 3012 ἰδίου(
485 2948 641 3028 χρόνοιιι“
666 2948 774 3034 (ΧΙΙΙ,
793 2949 849 3043 53,
868 2945 920 3034 4),
953 2949 1075 3013 similes
1103 2949 1197 3034 XIII,
1216 2951 1273 3034 38,
1291 2950 1325 3032 33

153 3053 205 3133 96,
220 3053 254 3136 53
277 3052 365 3138 XIV,
383 3054 414 3137 2,
428 3055 463 3138 33
489 3056 576 3139 63,2
596 3059 660 3120 κτλ.
700 3054 771 3119 Iam
795 3079 867 3121 cnm
891 3055 1021 3119 eaedem
1044 3057 1203 3120 formulae
1229 3056 1326 3119 etiam

153 3158 187 3220 in
210 3158 250 3222 iis
271 3159 434 3244 partibus,
457 3161 493 3223 in
516 3162 633 3244 quibus
652 3161 802 3245 Ephorus
823 3162 972 3225 advocari
990 3184 1056 3227 non
1075 3163 1194 3246 potuit,
1218 3183 1327 3226 occur·

153 3267 228 3328 rant
245 3264 346 3329 veluti
369 3265 459 3352 XIV,
482 3269 553 3351 1117,
568 3269 602 3352 53
624 3266 729 3351 XVII,
752 3269 779 3351 l,
793 3268 823 3351 4,
846 3267 952 3351 ipsum
971 3267 1167 3354 Diodorum,
1187 3268 1326 3332 veritum

152 3392 193 3435 ne
217 3371 252 3434 in
274 3373 451 3437 remotiora
474 3377 622 3458 tempora
644 3375 821 3459 laberetur,
844 3375 1092 3439 continuitatem
1115 3376 1326 3458 interrupisse

153 3480 296 3562 apparet.
334 3478 384 3543 Ac
407 3502 447 3543 nc
473 3482 577 3547 altera
599 3482 729 3566 quidem
753 3503 864 3560 causa,
889 3503 986 3565 quam
1008 3481 1230 3566 Holzapfelius
1253 3502 1326 3564 pro-

225 3655 271 3722 29)
290 3652 403 3709 Confer:
426 3655 581 3710 Arnoldum
601 3655 833 3724 Sohaeferum,
862 3655 896 3709 de
919 3672 1012 3710 rerum
1034 3658 1098 3725 post
1120 3657 1196 3711 bella
1218 3654 1328 3725 persica

153 3758 240 3809 usqne
268 3743 305 3796 ad
332 3741 429 3797 foedus
452 3743 606 3799 tricennale
635 3747 778 3814 gestarum
802 3745 942 3814 tempore,
969 3743 1084 3799 Bonnae
1109 3750 1190 3810 1805,
1218 3761 1282 3814 pag.
1301 3749 1326 3798 8.

152 3830 252 3885 Porroz
267 3831 579 3900 Volquardsenium
593 3850 657 3903 pag.
669 3838 711 3899 40,
727 3831 960 3887 Collmannum
973 3847 1037 3901 pag.
1046 3837 1072 3901 4,
1088 3831 1327 3901 Schmidtium,

153 3919 255 3974 Perikl.
276 3921 408 3976 ZeItalter
426 3915 488 3989 1‚'s
507 3920 589 3976 Anm.
723 3923 725 3926 ’

225 4012 270 4078 30)
284 4007 465 4066 Demonstrat
484 4012 538 4066 hoc
552 4010 753 4080 Holaapfelius,
772 4010 900 4080 Anhang,
920 4009 1025 4062 Excurs
1039 4009 1061 4077 Ι,
1075 4028 1140 4080 pag.
1152 4017 1202 4066 172
1218 4011 1327 4079 „Ueber

152 4099 203 4152 das
223 4099 347 4154 chronol.
368 4098 479 4167 Systcm
497 4100 645 4156 Diodors“.

225 4190 270 4255 31)
289 4185 432 4242 Nonnulla
454 4189 509 4243 huc
532 4188 703 4260 pertinentia
725 4191 824 4244 attulit
846 4189 986 4258 Holmius‚
1010 4189 1176 4243 Gcschichte
1199 4188 1328 4244 Siciliane

154 4276 192 4329 im
211 4277 372 4330 Alternum
391 4276 425 4343 ΙΙ,
446 4283 524 4346 ιοιι,
542 4295 607 4348 pag.
626 4285 688 4350 aar,
708 4285 749 4334 cs.

226 4370 271 4435 32)
290 4366 353 4436 Ipse
376 4382 406 4419 se
434 4365 549 4436 corrigit
570 4367 647 4436 XIII,
666 4373 714 4436 38,
733 4374 763 4421 3:
792 4367 886 4436 ,ἀλλὰ
908 4371 999 4421 ταοτα
1022 4367 1072 4433 μὲν
1095 4369 1192 4435 μικρὸν
1214 4369 1329 4435 ὕετερον

154 4456 291 4522 ἐγενήθη“
310 4459 368 4509 κτλ.
387 4457 417 4510 et
435 4455 565 4512 similiter
583 4455 657 4525 XIII,
678 4461 737 4526 108,
758 4461 788 4524 53
806 4452 892 4526 XVII,
912 4459 954 4523 31,
973 4462 999 4510 3.

210 4554 333 4594 Nauaron.
1098 4551 1113 4598 3
