2954 4980
625 305 975 401 -45-'

149 496 332 562 disseritur:
368 495 407 561 X.
431 495 471 580 V,
492 496 556 580 1,4
588 495 704 574 ,Φίλοε
732 495 784 576 μοί
807 496 903 575 ἐιτιν,
932 492 1110 574 occupa,
1142 491 1322 573 Ἀναξίβιοτ,

148 606 323 682 ναυαρχῶν
342 604 378 667 δὲ
397 603 449 667 καὶ
467 601 634 681 τυγχάνει“
658 605 722 667 κτλ.
749 639 787 647 —-
812 600 852 666 D.
871 602 893 665 4
916 601 1025 681 ,ἔλεγε
1045 601 1107 679 γὰρ
1126 598 1207 665 εἷναι
1226 599 1323 680 φίλοε

150 707 315 793 Ἀναξιβίῳ
338 715 384 794 τῷ
409 709 591 776 Βυζαντίων
614 707 792 792 ναυάρχῳίί.

239 815 366 880 Pariter
386 819 457 879 tum
479 818 555 898 post
578 814 754 879 discessum
773 802 959 897 Chirisophi
979 814 1017 879 de
1036 815 1161 878 duabus
1186 812 1324 877 navibus

149 923 290 1008 receptis
312 921 451 987 refertur
473 919 528 1009 (X.
547 921 568 986 5
591 921 727 1001 ,ἔλαβον
746 922 781 985 δὲ
801 922 852 986 καὶ
870 921 1129 1001 πεντηκόντορον
1152 920 1240 1000 παρὰ
1257 922 1324 983 τῶν

150 1030 416 1111 Τραπεζουντίων
435 1032 468 1093 et
484 1030 524 1093 16
548 1029 685 1110 ,ἔλαβον
704 1030 739 1093 δὲ
759 1030 810 1093 καὶ
829 1028 1083 1108 τριακόντορονίί.
1101 1065 1139 1074 -
1155 1026 1231 1091 D.4
1250 1028 1323 1105 ,λα-

153 1137 265 1218 βόντεε
293 1139 329 1202 δὲ
356 1141 423 1202 τῶν
451 1138 623 1202 ἑπικιίιπων
652 1136 710 1200 δύο
738 1135 889 1215 πλοιάρια
917 1136 1005 1215 παρὰ
1032 1139 1098 1199 τῶν
1123 1135 1324 1213 Τραπεζουν-

152 1242 277 1331 τίων“);
305 1266 343 1309 ea
367 1248 489 1328 autem,
512 1264 593 1328 quae
617 1266 636 1307 a
658 1242 874 1332 Xenophonte
896 1242 931 1306 in
954 1263 1082 1328 paragr.
1107 1242 1147 1306 16
1172 1243 1205 1304 ct
1230 1240 1268 1303 17
1294 1242 1326 1302 ct

152 1346 314 1435 imprimis
346 1351 534 1435 insequente
566 1350 672 1433 capite
695 1346 745 1435 (2)
779 1353 926 1413 accurate
956 1350 1183 1432 explanantur,
1214 1347 1326 1431 paucis

151 1457 289 1523 Diodori
312 1457 417 1523 verbis
440 1457 492 1522 his
516 1458 706 1543 ,ἐλῄετευον
724 1459 800 1521 root
818 1460 1059 1536 περιοικοῦντας
1079 1454 1257 1537 βαρβάρου(
1276 1452 1327 1517 καὶ

153 1564 235 1629 κατὰ
256 1569 317 1645 γῆν
340 1566 392 1629 καὶ
415 1565 496 1629 κατὰ
518 1564 697 1630 Θάλατταν(ί
721 1565 953 1648 comprehensa
976 1567 1113 1627 exstant

242 1670 362 1737 Iisdem
390 1675 461 1737 tum
489 1672 595 1737 causis
623 1674 790 1756 permotos
815 1670 955 1736 Graecos
980 1693 1000 1734 a
1022 1670 1225 1754 Trapezunte
1253 1688 1326 1752 pro-

154 1778 257 1844 fectos
282 1800 352 1844 esse
377 1779 461 1863 apud
485 1783 658 1864 utrumque
681 1779 834 1864 legimus:
1197 1794 1199 1797 ’
1241 1782 1242 1785 ’

154 1883 194 1948 D.
218 1884 239 1949 5
271 1884 315 1949 ιίιε
339 1883 373 1950 δ’
395 1886 518 1951 ἐκεῖνο(
541 1884 760 1973 (Χειρίεοφοι)
784 1884 972 1966 ἐβράδυνεν,
1001 1884 1034 1949 αἱ
1056 1886 1091 1949 δὲ
1115 1884 1234 1964 τροφαὶ
1259 1886 1327 1947 τοί(

289 1991 471 2071 άνθρώποιε
494 1992 671 2060 ἐεπάνιῑον.

156 2097 195 2162 Χ.
219 2099 258 2185 V,
277 2100 344 2184 3,1
379 2100 449 2164 ἐπεὶ
472 2101 508 2164 δὲ
531 2100 606 2165 οὔτε
631 2098 819 2179 Χειρίιοφοε
842 2098 919 2177 ἧκεν
943 2149 975 2163 ..
1004 2099 1079 2164 οὔτε
1102 2099 1142 2162 τὰ
1165 2080 1345 2177 ἐπιτήδεια

287 2207 327 2287 ἦν
351 2207 524 2287 λαμβάνειν
547 2211 613 2272 κτλ.

244 2313 315 2380 Iam
334 2336 406 2378 cum
426 2313 465 2378 de
484 2313 599 2378 itinere
618 2313 659 2378 ad
677 2314 790 2377 urbem
805 2309 1017 2378 Cerasuntem
1032 2312 1184 2396 urbisque
1204 2311 1327 2396 origine

156 2423 253 2485 antea
272 2421 317 2484 sit
335 2420 549 2506 disputatum,
572 2421 628 2489 ubi
652 2421 747 2500 ,δέκα
765 2421 901 2500 ἡμέραια
925 2419 1065 2485 Graecos
1091 2423 1234 2485 moratos
1257 2441 1327 2485 esse
1386 2412 1391 2428 ⁸

155 2531 303 2592 accurate
321 2527 513 2612 Xenophon,
536 2530 659 2607 ,,τιναε“
683 2526 845 2592 Diodorus
864 2527 966 2591 tradit
988 2525 1043 2611 (D.
1061 2526 1095 2591 5:
1119 2528 1155 2591 ἐν
1173 2527 1271 2608 ταύτῃ
1291 2527 1327 2588 δὲ

153 2633 272 2713 ἡμέρα(
296 2635 520 2714 διατρίψαντέε
543 2654 645 2713 τιναε,
669 2633 707 2698 Χ.
735 2633 775 2718 V,
789 2634 826 2718 3,
840 2635 874 2698 2:
898 2634 1037 2699 ἐνταῦθα
1056 2632 1184 2713 ἔμειναν
1208 2633 1327 2712 ἡμέρας

156 2738 257 2827 δέκα),
280 2741 319 2806 de
338 2741 625 2826 Mossynoecorum
643 2742 713 2807 vita
731 2741 950 2826 moribusque,
968 2762 1047 2824 quos
1066 2743 1138 2803 tum
1156 2739 1328 2803 redeuntes

157 2849 350 2933 attigerunt,
374 2848 546 2932 diligenter
569 2850 610 2913 ab
634 2853 771 2933 utroque
795 2848 912 2933 agitur.

246 2954 338 3032 Quod
361 2959 470 3020 autem
488 2946 670 3039 Xenophon
694 2956 773 3020 duas
795 2954 910 3040 populi
934 2958 1046 3040 gentes
1070 2953 1189 3018 diserte
1211 2952 1328 3018 discer-

156 3063 220 3146 nit,
244 3061 405 3128 Diodorus
428 3086 528 3128 unum
551 3068 678 3127 tantum
701 3064 854 3147 populum
881 3065 1127 3145 commemorat,
1156 3061 1238 3126 alter
1265 3061 1328 3124 duo
1410 3052 1412 3055 ⁵

157 3170 282 3254 proelia
300 3170 472 3237 commissa
491 3193 561 3236 esse
579 3175 704 3254 narrat,
727 3170 811 3234 alter
833 3191 948 3252 unum,
973 3207 1011 3214 —
1037 3169 1120 3232 nihil
1145 3167 1232 3232 aliud
1255 3167 1329 3231 inde

158 3276 348 3341 concludere
376 3278 465 3362 licet,
498 3299 595 3361 quam
623 3276 816 3361 Diodorum,
848 3298 888 3340 ne
915 3276 1011 3341 nimis
1039 3275 1095 3339 diu
1123 3275 1157 3339 in
1189 3275 1328 3360 singulis

158 3383 255 3448 rebus
279 3383 475 3468 exponendis
493 3387 692 3464 versaretur,
715 3386 752 3448 ut
770 3382 848 3447 alibi
867 3382 912 3447 sic
930 3382 984 3446 hic
1003 3402 1129 3466 quoque
1149 3382 1329 3465 complures

158 3511 210 3554 res
229 3491 340 3575 paucis
359 3496 527 3576 tamquam
546 3491 641 3555 lineis
660 3490 883 3574 adumbrasse,
905 3489 1080 3554 secundum
1104 3491 1213 3552 autem
1236 3508 1330 3572 proe-

159 3596 239 3662 lium
266 3597 337 3662 ideo
362 3597 467 3663 solum
492 3597 714 3682 descripsisse,
739 3596 823 3681 quod
848 3596 981 3662 maioris
1001 3601 1071 3661 erat
1089 3594 1255 3660 momenti.
1290 3592 1328 3657 In

160 3703 276 3769 ceteris
304 3707 412 3768 autem
440 3707 587 3789 apertam
609 3702 696 3768 inter
718 3707 889 3787 utrumque
914 3702 1107 3767 affinitatem
1133 3700 1330 3798 intercedere

159 3809 320 3874 neminem
339 3809 481 3895 effirgiat.
518 3809 605 3885 Quae
625 3809 711 3873 enim
729 3808 889 3874 Diodorus
909 3810 947 3874 de
965 3809 1070 3894 primo
1090 3830 1163 3872 cum
1180 3807 1329 3872 hostibus

160 3936 337 4001 congressu
356 3917 440 4002 (init.
459 3914 528 4002 56)
555 3916 646 4001 dicit,
669 3938 708 3981 ea
727 3917 796 3982 sinc
814 3917 911 3982 dubio
931 3916 1110 4001 aXenoph.
1129 3916 1206 3996 §24
1226 3914 1330 3999 cap.4

159 4023 309 4108 sumpsit.
354 4024 426 4101 Qua
452 4046 487 4088 re
520 4025 601 4088 bene
629 4027 725 4109 gesta
751 4024 789 4088 de
818 4025 896 4110 fuga
922 4024 1066 4088 hostium
1100 4022 1140 4086 ad
1173 4024 1270 4105 caput
1296 4021 1357 4085 in‘

160 4130 295 4214 fastigio
318 4131 439 4195 montis
462 4131 620 4215 positum,
647 4131 704 4195 ubi
726 4131 812 4216 regis
836 4130 1032 4195 domicilium
1056 4130 1140 4211 erat,
1168 4128 1206 4192 de
1230 4148 1330 4212 oppu—

161 4237 315 4321 gnatione
334 4236 418 4302 arcis
436 4237 553 4321 ligneis
567 4238 712 4302 turribus
731 4237 885 4319 munitae,
907 4237 945 4301 de
960 4234 1121 4300 continuis
1135 4232 1331 4298 Graecorum

161 4343 351 4428 impetibus,
374 4342 413 4407 de
433 4343 670 4427 expugnatione
690 4344 826 4427 denique
849 4335 911 4407 loci
936 4343 1047 4407 eadem
1071 4340 1133 4404 etsi
1155 4362 1220 4405 non
1239 4343 1332 4404 tanta

162 4453 284 4534 quanta
306 4450 449 4534 alioquin
473 4449 683 4516 similitudine
705 4450 877 4549 verborum
907 4450 947 4515 ab
977 4453 1112 4534 utroque
1134 4447 1332 4513 referuntur:
