2954 4980
571 335 789 410 -27÷

95 493 199 577 beret,
238 515 455 578 quaecumque
493 494 533 559 ab
565 497 703 579 utroque
735 493 793 558 illo
825 494 1000 559 Persarum
1033 498 1177 580 satrape,
1213 497 1268 580 qui

98 601 260 667 artissime
283 602 367 666 inter
390 624 424 666 se
448 601 612 666 coniuncti
634 605 718 686 sunt,
742 601 879 686 singulis
898 601 979 667 locis
999 603 1176 684 separatim
1195 625 1267 668 con·
1376 666 1378 671 ,

95 707 181 772 fecta
208 729 278 772 esse
307 712 488 793 acceperat,
520 709 725 775 commiscuit
752 712 785 773 et
811 709 847 772 in
873 731 972 773 unam
990 711 1168 795 ‘tamquam
1191 710 1269 773 ima-

97 815 205 901 ginem
233 816 405 879 contraxit.
450 815 543 880 Unde
571 815 694 880 factum
722 820 785 901 est,
813 820 850 879 ut
877 816 911 878 in
939 816 1094 881 memoria
1118 817 1185 880 eius
1208 837 1268 899 pro

96 921 221 985 duobus
245 944 328 987 unus
352 926 520 1006 tamquam
544 923 686 987 omnium
710 945 818 987 rerum
842 925 954 988 auctor
977 922 1137 987 evaderet.
1182 919 1269 986 Nam

96 1030 176 1094 adeo
195 1052 268 1094 eum
285 1031 433 1095 veritatis
453 1032 678 1116 neglegentem
696 1029 806 1114 fuisse,
829 1033 866 1095 ut
886 1031 989 1094 solam
1007 1033 1139 1113 propter
1157 1027 1269 1113 fugam

95 1136 217 1200 laboris
238 1138 381 1223 singulas
401 1138 551 1221 deinceps
570 1159 621 1202 res
642 1137 682 1201 ab
702 1141 839 1221 utroque
859 1141 969 1221 gestas
989 1158 1137 1202 enarrare
1156 1137 1268 1220 nollet,

97 1244 159 1309 hoo
183 1245 374 1309 contendere
396 1267 463 1310 non
486 1246 596 1309 audeo.
635 1243 724 1329 Ergo
748 1244 806 1308 illa
829 1244 955 1309 ratione
978 1245 1101 1309 factum
1126 1265 1195 1308 esse
1219 1267 1269 1307 su-

98 1351 213 1436 spicor,
232 1355 269 1416 ut
284 1352 394 1417 omnia
410 1374 457 1436 ea,
476 1373 558 1435 quae
578 1350 796 1436 aThucydide
817 1354 849 1414 et
867 1350 1083 1436 Xenophonte
1103 1352 1142 1415 ad
1161 1350 1269 1414 'Pissa-

96 1458 251 1542 phernem
283 1458 481 1543 referuntur,
512 1481 531 1521 a
558 1457 703 1522 Diodoro
736 1460 923 1522 constanter
954 1459 995 1522 ad
1023 1458 1269 1522 Pharnabazum

95 1565 355 1630 transferrentur.
391 1565 505 1649 Itaque
524 1565 607 1629 falso
627 1564 728 1628 etiam
746 1564 822 1628 libri
840 1562 921 1629 XIII
942 1587 1011 1648 cap.
1026 1566 1078 1649 36,
1093 1566 1145 1648 37,
1160 1565 1211 1648 38,
1225 1566 1269 1628 42

96 1676 129 1736 64
155 1672 190 1737 in
217 1673 281 1737 fine
310 1673 426 1756 capitis
450 1674 493 1736 46
516 1693 635 1749 nomen
658 1671 859 1735 Pharnabazi
888 1672 1053 1754 proditum
1081 1671 1269 1735 invenimus.

96 1778 219 1844 Contra
246 1780 315 1844 iure
338 1772 543 1844 Pharnabazi
573 1779 696 1844 mentio
725 1779 763 1842 fit
786 1779 861 1842 libri
884 1777 964 1842 XIII
989 1800 1057 1862 cap.
1076 1778 1129 1862 40,
1147 1777 1200 1863 45,
1218 1778 1271 1860 46,

96 1891 240 1952 extrema
271 1888 476 1972 paragrapho
511 1889 652 1970 excepta.
701 1884 753 1949 Ex
786 1885 902 1968 quibus
936 1884 1200 1951 omnibus'locis
1232 1884 1270 1968 is,

97 2018 191 2078 quem
211 1997 355 2058 extremo
373 1995 445 2059 loco
465 1993 573 2075 citavi,
591 1992 730 2057 maxime
749 1993 971 2056 memorabilis
991 1993 1152 2058 rationem
1171 1991 1271 2076 illam,

97 2123 161 2184 qua
183 2099 363 2164 Diodorum
391 2100 427 2164 in
456 2101 516 2165 hae
539 2122 574 2164 re
603 2121 697 2163 usum
721 2120 790 2162 esse
814 2098 889 2182 dixi,
913 2099 1036 2183 optime
1060 2098 1270 2181 comprobare

97 2207 231 2271 videtur.
276 2205 363 2270 Nam
390 2230 463 2291 cum
491 2205 693 2273 Pharnabazi
720 2227 838 2270 nomen
867 2205 973 2271 solum
1000 2206 1033 2270 in
1064 2205 1172 2271 animo
1202 2206 1269 2271 eius

97 2316 190 2400 quasi
212 2315 346 2379 infixum
369 2316 532 2399 haereret,
561 2313 789 2398 Tissaphernis
812 2313 875 2377 iter
897 2313 932 2376 in
955 2312 1205 2397 Hellespontum
1229 2313 1270 2377 ad

97 2423 224 2486 animos
247 2421 575 2487 Lacedaemoniorum
603 2417 887 2507 reconciliandos4)
912 2425 1111 2506 susceptum,
1139 2420 1271 2485 nomine

97 2530 237 2613 satrapis
264 2532 391 2595 mutato
420 2552 493 2596 cum
521 2530 577 2595 filo
605 2528 707 2594 totius
735 2527 930 2592 narrationis
958 2528 1007 2592 ita
1030 2516 1207 2612 contexuit,
1235 2531 1272 2591 ut

97 2636 342 2702 Pharnabazum
379 2658 417 2701 eo
455 2637 590 2703 consilio
628 2635 758 2700 fortiter
791 2638 905 2699 contra
936 2635 1152 2699 Athenienses
1186 2635 1270 2719 apud

97 2742 281 2830 Abydum⁵)
313 2749 515 2830 pugnantem
547 2744 682 2827 faceret,
715 2745 752 2806 ut
784 2741 823 2808 de
850 2742 1052 2826 criminibus,
1085 2735 1167 2826 q'uae
1195 2764 1268 2806 vere

97 2850 306 2934 Tissapherni
333 2851 463 2914 bellum
487 2851 600 2916 ducere
634 2847 776 2933 cupienti
805 2871 824 2912 a
852 2847 1114 2934 Lacedaemoniis
1144 2850 1270 2915 obiecta

99 2960 187 3041 sunt,
215 2957 283 3041 ipse
308 2979 342 3023 se
365 2961 530 3044 purgaret.
575 2955 646 3022 Iam
668 2978 741 3020 cum
763 2977 804 3019 ne
827 2956 861 3018 in
885 2956 998 3020 ceteris
1024 2956 1152 3039 quidem
1174 2956 1269 3021 huius

96 3064 173 3128 libri
201 3064 361 3149 capitibus
385 3063 625 3148 Tissaphernis
645 3084 764 3127 nomen
792 3065 955 3146 occurrat,
983 3065 1069 3126 recte
1093 3066 1202 3126 autem
1225 3063 1271 3127 in-

98 3170 260 3254 sequentis
283 3169 359 3235 libri
382 3167 490 3256 (XIV)
515 3192 582 3253 cap.
604 3172 643 3233 11
668 3168 897 3233 Pharnabazus
922 3172 1206 3253 commemoretur,
1230 3170 1268 3233 ad

98 3299 191 3362 quem
197 3274 224 3362 ⁶)
238 3278 346 3360 locum
360 3277 564 3343 Pharnabazi
582 3298 701 3342 nomen
716 3275 820 3359 capite
836 3275 878 3339 22
893 3275 978 3341 falso
994 3276 1116 3343 editum
1131 3276 1271 3341 maximo

98 3386 244 3469 spectare
264 3384 399 3466 videtur,
417 3385 502 3468 quod
521 3385 652 3449 tandem
671 3384 705 3448 in
723 3383 794 3467 ipsa
807 3403 918 3468 pugna
933 3383 985 3467 23,
1001 3384 1019 3447 7
1036 3383 1270 3466 Tissaphernes

97 3511 162 3554 non
195 3493 233 3554 ut
264 3490 314 3555 vir
345 3491 432 3555 fama
465 3490 646 3555 celebratus
675 3494 731 3554 aut
759 3489 894 3554 summis
926 3490 1103 3555 honoribus
1137 3493 1270 3555 ornatus

102 3633 138 3641 —
164 3596 197 3660 id
222 3597 307 3681 quod
330 3595 607 3680 Volquardsenius
637 3595 756 3661 iniuria
779 3599 944 3681 exspectat
968 3632 1009 3641 -
1035 3594 1090 3660 sed
1113 3597 1150 3658 ut
1172 3594 1270 3660 homo

97 3724 200 3766 novus
221 3701 315 3787 (ἀνὴρ
334 3700 474 3790 Πέρεηε)
499 3707 573 3769 ante
597 3704 708 3769 oculos
727 3703 907 3789 legentium
926 3700 1128 3787 proponitur,
1152 3701 1271 3766 mirum

97 3829 168 3872 esse
191 3830 257 3873 non
279 3812 396 3892 potest.
441 3808 555 3894 Neque
580 3831 654 3874 vero
678 3832 747 3894 cap.
766 3809 854 3894 26,4
878 3813 910 3874 64
932 3808 1020 3894 35,2
1044 3808 1091 3872 ita
1114 3807 1270 3891 seriptum

98 3919 161 3999 est,
189 3919 227 3981 ut
254 3917 320 3981 iam
349 3916 427 3982 olim
455 3916 707 4001 Tissaphernem
734 3916 859 4000 Ionicae
888 3916 984 3981 urbes
1012 3915 1048 3980 in
1074 3911 1271 4002 potestator)

168 4113 186 4161 4
216 4107 258 4163 Ι)6
277 4126 331 4177 quo
349 4108 415 4164 vido
434 4110 558 4180 Thucyd.
577 4110 652 4180 VIII,
672 4115 731 4165 109.

169 4203 185 4253 6
216 4197 317 4253 confer
335 4197 479 4254 Plutarchi
497 4199 672 4254 Alcibiadem
690 4204 738 4268 2⁵1,
757 4205 773 4254 3
792 4200 822 4253 64
839 4198 967 4267 Xenoph.
986 4196 1134 4253 Hellenica
1152 4197 1177 4264 1,
1197 4201 1226 4266 1,
1245 4204 1270 4253 6.

170 4289 197 4356 6)
215 4286 357 4357 Imprimis
372 4304 472 4343 causae
487 4289 524 4343 ab
533 4287 647 4357 Ephoro
661 4288 691 4343 in
699 4289 753 4345 hoc
768 4287 860 4357 capite
875 4287 980 4342 allatae
991 4285 1182 4356 respiciendae
1197 4290 1270 4343 sunt.

172 4377 197 4444 7)
217 4376 317 4432 Confer
334 4376 483 4447 Xenoph.
502 4377 684 4432 Helleniea
701 4377 750 4446 III,
767 4384 790 4447 1,
804 4384 833 4431 32
853 4378 911 4431 ἐπεὶ
928 4376 1115 4444 Τιεεαφέρνη(
1132 4377 1272 4443 εατράπηε

98 4467 280 4533 κατεπέμφθη
300 4465 340 4519 ῶν
354 4483 386 4520 τε
405 4465 490 4520 αὐτὸ(
506 4467 625 4534 apoteca
643 4469 711 4534 ἦρχε
730 4469 774 4521 καὶ
794 4467 834 4521 ὧν
854 4467 940 4534 Κῦρος
959 4469 1015 4520 κτλ.
1052 4465 1154 4520 Anah.
1174 4465 1194 4536 Ι,
1207 4472 1230 4534 1,
1241 4473 1266 4520 6:
