2954 4980
708 267 982 378 -10--Ι

234 471 322 548 Quae
341 473 494 557 quoniam
513 473 723 557 absolvimus,
741 474 781 537 ad
801 474 940 538 alterum
954 475 1069 556 locum,
1087 495 1151 558 quo
1166 471 1278 556 copiae
1293 494 1413 537 nume-

233 584 347 645 rantur
365 577 531 667 (l,'l,10),
549 584 762 645 transeamus.
800 578 861 644 Sed
884 601 925 645 ne
942 579 977 645 in
990 578 1052 643 hoc
1066 579 1149 661 loco,
1168 599 1264 662 quern
1279 602 1413 646 summa

235 686 413 771 sagacitate
437 691 469 752 et
493 688 639 752 acumine
662 687 844 771 Richterus,
866 690 904 751 ut
927 708 1025 770 supra
1049 685 1125 769 dixi,
1147 686 1369 771 impugnavit,
1393 709 1411 751 0

233 793 449 879 Xenophonte
478 793 692 858 abiudieando
720 797 848 876 tempus
872 815 1113 877 consumamus,
1140 814 1243 876 pauca
1266 797 1411 878 tautum,

234 922 315 984 quae
338 901 418 964 mihi
441 923 506 965 non
530 901 610 965 satis
634 901 674 964 ad
693 900 852 983 liquidum
870 900 1024 984 perducta
1042 901 1093 964 vel
1112 901 1244 965 omnino
1262 904 1410 983 praeter-

233 1008 280 1071 ita
304 1029 373 1073 esse
396 1008 556 1091 videntur,
580 1007 727 1072 adiciam.

321 1114 429 1199 Atque
452 1115 592 1199 primurn
617 1115 755 1200 quidem,
779 1116 905 1201 quoties
928 1114 962 1178 in
980 1115 1066 1179 hune
1083 1116 1191 1180 locum
1210 1115 1317 1199 incidi,
1339 1137 1410 1180 non

233 1225 380 1305 poteram
403 1243 470 1287 non
493 1222 640 1286 dubitare
660 1246 739 1288 num
758 1222 949 1307 Xenophon,
972 1225 1144 1306 postquam
1164 1220 1284 1306 Cyrum
1303 1223 1410 1286 multa

233 1331 329 1393 noete
353 1330 462 1413 copias
485 1331 682 1394 recensuisse
706 1330 800 1394 etde
823 1329 935 1394 fratris
959 1329 1117 1394 exereitus
1141 1329 1410 1414 magnitudines

234 1437 411 1521 transfugis
445 1438 614 1501 certiorem
646 1438 769 1502 factum
802 1459 873 1503 esse
905 1437 1111 1522 explicasset,
1147 1459 1212 1502 non
1246 1437 1409 1520 externplo

234 1565 385 1607 numeros
404 1543 544 1608 militum
563 1545 733 1630 relaturus,
757 1545 812 1610 sed
831 1545 1034 1628 interpositis
1053 1545 1104 1628 iis,
1127 1566 1209 1627 quae
1228 1542 1314 1628 Oyro
1335 1565 1410 1608 curn

234 1647 366 1714 Graecis
389 1651 424 1714 in
448 1651 582 1716 concilio
608 1653 825 1729 convenerint,
850 1653 1037 1736 quesitum
1062 1651 1199 1736 denique
1222 1673 1304 1734 quae
1329 1651 1413 1715 ohli-

234 1760 286 1821 tus
311 1760 397 1821 esset
415 1759 611 1842 recordatus,
633 1759 738 1823 literis
763 1781 800 1823 ea
824 1758 1035 1823 mandaturus
1055 1758 1168 1822 fuerit.=
1196 1757 1309 1842 Neque
1328 1780 1409 1824 vero

235 1886 316 1947 0000
345 1866 378 1929 10
406 1866 485 1949 ipsis
510 1865 574 1929 illis
598 1865 814 1950 paragraphis
844 1869 1061 1948 exponuntur,
1091 1865 1329 1930 dubitationem
1352 1886 1412 1929 no·

235 1974 337 2035 stram
356 1973 545 2037 imminuere
563 1976 710 2055 possunt.
749 1971 797 2036 Ac
817 1994 1013 2056 quamquam
1038 1971 1076 2058 10
1100 1970 1172 2034 01110
1196 1971 1301 2054 rebus,
1325 1994 1411 2054 quae

234 2079 369 2142 minoris
392 2080 548 2144 momenti
571 2084 648 2144 sunt
670 2076 720 2165 (ut
743 2079 781 2141 de
806 2101 879 2143 raro
897 2079 954 2143 illo
973 2078 1131 2144 vocabulo
1150 2078 1320 2162 ἐξοπλιεία,
1344 2101 1411 2162 000

235 2186 408 2268 scriptores
429 2190 506 2250 ante
524 2185 697 2269 Polybium
715 2208 780 2250 non
799 2189 944 2270 utuntur,
968 2185 1007 2249 10
1026 2184 1196 2249 collectiva
1214 2185 1245 2249 vi
1267 2183 1411 2264 ἀεπίδοε,

237 2290 275 2354 10
300 2292 422 2375 triplici
445 2292 503 2357 illa
527 2293 697 2357 Persarum
726 2293 843 2356 dueum
871 2288 1135 2377 significatione),
1164 2291 1266 2355 multa
1292 2291 1412 2376 habeo,

235 2399 268 2462 in
302 2400 418 2483 001100
451 2400 612 2464 offendam
641 2423 785 2485 quaeque
814 2397 1040 2482 Xenophontis
1069 2400 1138 2462 arte
1166 2398 1326 2462 scribendi
1355 2399 1411 2462 vix

236 2503 336 2588 digna
364 2507 442 2591 sint,
474 2511 584 2571 tamen
611 2495 686 2570 ilico
716 2507 756 2570 ad
784 2507 949 2591 graviora,
982 2527 1064 2588 quae
1092 2506 1202 2570 000100
1230 2506 1412 2589 legentium

236 2612 340 2676 adhuc
364 2612 515 2697 effugisse
539 2614 703 2696 videntur,
726 2613 905 2698 aggrediar.
1193 2608 1198 2618 ’

325 2721 433 2804 Atque
455 2720 509 2785 hic
532 2743 674 2805 quoque,
697 2723 733 2784 ut
756 2720 829 2783 aliis
853 2720 947 2804 locis,
969 2721 1097 2785 numeri
1121 2743 1232 2786 ansam
1251 2721 1412 2805 praebent

237 2826 276 2889 ad
296 2848 352 2910 aa,
380 2849 462 2910 0000
485 2849 519 2891 re
542 2849 619 2892 vera
643 2827 810 2910 scriptoris
833 2828 937 2891 nostri
961 2831 1048 2910 sunt,
1076 2827 1116 2890 ab
1146 2827 1336 2892 adulterinis
1360 2849 1410 2892 se·

236 2933 405 2996 cernenda.
446 2932 531 2997 Nam
555 2936 665 2998 tantos
687 2956 839 2999 numeros
863 2958 883 2998 a
905 2934 1083 3018 transfugis
1107 2938 1181 2997 ante
1206 2955 1351 3019 pugnarn
1376 2938 1412 2997 et

237 3043 311 3122 post
339 3061 482 3125 pugnam
511 3063 531 3104 a
559 3041 696 3125 captivis
724 3041 862 3106 traditos
891 3040 1114 3126 Xenophonti,
1147 3063 1242 3123 quem
1270 3038 1412 3127 0100100,

237 3147 292 3228 001
311 3149 522 3213 Artaxerxem
543 3149 684 3213 medicus
704 3149 934 3231 comitabatur,
957 3148 1111 3213 historias
1130 3169 1198 3212 non
1217 3148 1322 3213 solum
1340 3168 1410 3212 non

237 3253 418 3337 ignorasse,
447 3256 501 3318 001
530 3255 570 3318 01
594 3256 662 3320 0100
685 3256 781 3320 fidem
805 3256 855 3320 bis
879 3255 1039 3341 refugisse
1062 3257 1133 3319 loco
1158 3253 1298 3336 quodam
1321 3250 1361 3339 (l,
1377 3255 1409 3339 8,

237 3360 290 3443 26,
309 3359 365 3445 27)
385 3361 532 3447 legimus,
552 3365 780 3447 comprobatos
798 3364 898 3428 fuisse
920 3362 1048 3426 credere
1069 3382 1202 3447 nequeo.
1235 3360 1288 3424 An
1307 3360 1409 3444 scrip-

236 3469 339 3530 torem
370 3490 516 3534 rumores
547 3471 622 3534 illos
655 3472 768 3534 inanes
796 3470 900 3553 pluris
931 3491 1028 3555 quam
1056 3490 1107 3551 ea,
1140 3490 1221 3551 quae
1255 3468 1408 3533 inlibris

237 3565 325 3637 illius
354 3577 507 3660 auctoris,
536 3576 678 3641 omnium
701 3600 808 3642 rerum
831 3576 1033 3641 Persicorum
1057 3574 1259 3659 peritissimi,
1285 3575 1409 3657 scripta

236 3679 410 3765 inveniret,
434 3683 621 3746 aestimasse
645 3683 857 3747 arbitremur?

327 3786 388 3851 Sed
407 3790 555 3873 quamvis
573 3790 653 3854 haec
671 3790 828 3875 cogitatio
848 3789 969 3873 aliquid
988 3790 1108 3873 valeat,
1131 3792 1242 3852 tamen
1264 3789 1407 3853 fortasse

237 3895 319 3978 0010,
337 3894 414 3958 11001
432 3896 472 3960 01
487 3896 593 3961 locum
614 3894 792 3981 eXenoph.
806 3899 898 3961 textu
915 3895 1144 3960 removendum
1157 3918 1337 3979 propensus
1353 3897 1407 3981 sit,

237 4002 270 4064 in
289 4001 487 4086 cohaereat,
506 4002 590 4085 quod
607 4003 696 4066 nullo
717 4003 781 4066 alio
796 4002 959 4067 Anabasis
978 4002 1050 4067 loco
1069 4001 1253 4086 Xenophon
1271 4003 1310 4066 de
1329 4001 1407 4086 Oyri

238 4111 271 4171 01
289 4108 478 4173 Artaxerxis
501 4109 713 4174 barbarorum
735 4131 869 4173 numero
889 4107 1063 4193 quidquam
1082 4108 1161 4172 certi
1183 4110 1317 4173 rettulit.
1360 4109 1407 4173 At

239 4235 433 4297 quamquam
457 4215 603 4299 profecto
626 4217 702 4281 talis
725 4217 816 4279 loeus
834 4215 982 4300 indagari
1002 4235 1068 4279 non
1086 4219 1209 4298 potest,
1230 4214 1407 4278 tenendum

238 4323 300 4403 est,
323 4322 513 4405 scriptorem
532 4325 694 4404 nostrum,
717 4344 790 4386 cunr
814 4322 849 4384 in
871 4321 925 4404 iis,
950 4341 1030 4402 quae
1054 4319 1094 4384 ad
1113 4321 1287 4384 exercitum
1307 4318 1407 4384 Grae-

238 4448 348 4492 corum
378 4430 551 4511 pertinent,
584 4428 701 4512 quibus
728 4428 798 4512 ipse
828 4427 997 4510 intererat,
1029 4426 1247 4492 describendis
1280 4450 1408 4492 summa
