2954 4980
623 155 842 218 -16-

147 312 251 397 hatte,
269 314 329 378 wie
351 314 402 378 die
421 314 559 400 librigen
579 313 778 398 Strategen“.
810 311 923 397 Neque
943 313 1037 377 aliter
1055 313 1175 377 sentire
1195 312 1331 378 videtur

147 418 281 483 Grotius
309 423 476 487 nonnullis
504 422 585 487 locis
615 425 652 486 ut
678 443 759 506 pag:
778 421 817 484 19
847 423 880 484 et
907 420 950 483 29
985 441 1096 484 ornnes
1126 417 1329 485 Graecorum

148 529 315 608 praetores
345 527 501 593 militibus
529 528 709 613 praefectos
732 527 833 592 fuisse
856 525 1032 591 affirmans.
1078 524 1202 600 Quibus
1225 528 1326 592 rebus

147 631 306 698 absolutis
335 635 405 700 fieri
434 657 501 700 non
523 639 645 720 potest,
673 637 710 699 ut
732 635 924 699 alterutrum
947 634 1054 698 virum
1078 633 1243 699 inlocum
1270 634 1326 700 So·

146 739 298 821 phaeneti
327 738 366 826 (1,
384 743 414 826 2,
435 743 469 828 9)
498 743 586 806 mille
614 741 756 805 militum
784 741 897 805 ducem
926 741 1109 824 suffectum,
1137 739 1324 828 alterum³⁸l

146 850 299 927 praetura
323 848 395 912 sine
419 850 521 931 copiis
545 849 691 913 functum
715 869 784 912 esse
808 847 983 912 credamus,

100 941 105 955 ⁸
239 952 467 1040 Quamobrem,
491 959 527 1020 ut
550 957 677 1038 utrique
701 959 824 1020 certum
847 955 953 1018 locum
979 953 1129 1038 tribuam,
1153 955 1253 1020 aliam
1277 979 1325 1020 ra·

148 1059 270 1124 tionem
292 1083 481 1146 proponam.
529 1062 612 1138 Quid
636 1062 721 1125 enirn
746 1062 926 1146 simplicius
951 1061 1050 1125 statui
1073 1064 1194 1146 potest,
1224 1048 1324 1147 quam

149 1163 269 1248 Agiam
292 1169 325 1228 et
344 1165 545 1252 Oleanorcm,
568 1190 641 1233 cnm
664 1166 758 1231 initio
778 1165 941 1230 Anabasis
966 1166 1094 1230 silentio
1117 1168 1324 1251 praeteream

150 1276 203 1335 tur
220 1294 324 1356 neque
344 1296 454 1338 eorum
477 1275 630 1340 alteruter
648 1275 684 1338 in
702 1274 808 1339 locum
825 1272 1021 1356 Sophaeneti
1040 1273 1195 1339 substitui
1209 1278 1324 1362 possit,

148 1384 225 1462 post
247 1381 359 1465 fugam
378 1380 500 1446 Xeniae
524 1387 557 1446 et
574 1381 723 1446 Pasionis
748 1377 787 1464 (I,
801 1380 831 1463 4,
847 1376 881 1464 Ι)
904 1379 1049 1463 ipsorum
1072 1381 1188 1445 horum
1213 1405 1325 1447 mune-

150 1487 239 1551 ribus
264 1509 335 1553 esse
360 1489 515 1553 ornatos?
538 1488 625 1554 Nam
649 1487 769 1552 similia
792 1485 968 1550 identidem
991 1487 1079 1551 facta
1098 1509 1168 1552 esse
1187 1489 1245 1552 alii
1264 1491 1327 1554 looi

151 1594 308 1677 suspicari
330 1594 451 1679 iubent,
475 1595 530 1659 alii
554 1595 671 1660 diserte
695 1594 866 1658 testantur.
907 1591 1006 1657 Velut
1029 1599 1203 1678 postquam
1227 1598 1326 1662 caede

149 1723 168 1765 a
192 1700 409 1782 Tissapherne
431 1702 520 1768 facta
548 1703 704 1766 exercitus
728 1699 923 1764 Graecorum
947 1701 1078 1784 optimis
1103 1703 1236 1768 ducibus
1260 1707 1327 1789 pri·

149 1811 244 1872 vatus
274 1812 338 1891 est,
370 1808 451 1872 nihil
485 1809 648 1873 salubrius
677 1809 717 1872 ad
745 1808 871 1872 animos
899 1807 1039 1871 militum
1066 1832 1152 1874 nova
1180 1832 1236 1894 spe
1265 1812 1327 1875 im-

148 1914 284 1996 plendos
317 1937 336 1978 a
371 1914 583 1999 Xenophonte
619 1915 756 2000 proponi
787 1917 929 1998 poterat,
968 1937 1065 1998 quam
1097 1920 1134 1980 ut
1165 1918 1200 1981 in
1234 1919 1326 1984 locos

150 2023 328 2086 occisorum
349 2026 543 2107 ‘praetorum
574 2028 608 2087 et
636 2022 859 2087 centurionum
886 2021 965 2086 novi
988 2021 1083 2086 duces
1108 2023 1326 2089 succederent.

149 2127 272 2191 Deinde
293 2130 330 2191 ut
348 2128 488 2192 alterum
504 2130 686 2213 exemplum
701 2129 842 2211 afferam,
860 2127 1007 2193 Neonem
1020 2128 1208 2213 Asinaeum‚
1228 2135 1327 2197 antea

148 2257 281 2298 munere
312 2236 456 2299 absentis
481 2234 667 2319 Ohirisophi
690 2235 851 2312 functum,
879 2237 955 2316 post
977 2238 1114 2300 mortem
1138 2235 1328 2322 [lhirisophi

148 2341 320 2426 imperium
345 2343 510 2425 copiarum
534 2342 602 2406 eius
627 2341 788 2423 accepisse
808 2339 965 2424 V1,4,11
990 2343 1214 2424 comperimus.
1254 2343 1328 2411 Nec

149 2450 214 2514 alia
234 2453 283 2514 est
302 2450 387 2513 ratio
406 2448 578 2533 Phrynisoi
598 2447 730 2526 Achaei,
750 2447 804 2531 qui
824 2469 896 2510 cum
915 2468 1018 2530 neque
1037 2447 1097 2530 III,
1115 2451 1142 2533 1,
1157 2451 1199 2514 47
1219 2472 1328 2534 neque

149 2560 264 2637 postea
287 2556 321 2619 in
347 2557 453 2620 locum
472 2556 588 2638 prioris
611 2554 771 2638 praetoris
793 2554 944 2617 suffectus
964 2574 1034 2618 esse
1054 2554 1188 2640 dicatur,
1213 2557 1327 2624 subito

149 2661 313 2745 V11,2‚2
346 2665 433 2727 inter
464 2666 628 2744 praetores
663 2663 941 2726 commemoratur.
993 2658 1055 2724 Sed
1083 2682 1155 2725 cum
1184 2664 1326 2746 septimo

151 2769 312 2833 Anabasis
332 2769 415 2832 libro
436 2790 546 2832 omnes
565 2772 739 2852 praetores,
759 2791 838 2852 quos
857 2768 1015 2852 novimus,
1033 2773 1162 2851 praeter
1182 2769 1327 2854 Sophae-

149 2880 259 2940 netum
289 2879 529 2960 enumerentur,
556 2879 632 2959 post
658 2875 753 2940 huius
783 2876 949 2940 decessum
980 2911 1018 2920 —-
1048 2898 1125 2939 nam
1153 2878 1221 2942 vita
1250 2900 1327 2942 eum

149 2983 335 3047 defunctum
360 3005 429 3046 esse
453 2983 507 3048 vix
525 2982 670 3046 conicere
689 2982 773 3067 licet,
798 2982 873 3065 quia
891 2984 1006 3064 postea
1024 2981 1058 3044 in
1079 2980 1215 3046 Graecia
1232 2982 1327 3049 Ana-

150 3090 244 3154 basin
282 3090 419 3153 edidisse
456 3089 582 3154 videtur
618 3126 656 3134 -
690 3088 904 3172 Phryniscum
937 3089 1029 3152 illum
1062 3089 1220 3153 militibus
1254 3090 1326 3155 eius

150 3196 371 3279 praepositum
405 3218 474 3260 esse
507 3217 626 3280 magna
660 3217 732 3259 cum
761 3170 1004 3277 probeibilitatis
1033 3195 1137 3278 specie
1166 3196 1328 3260 affirmari

148 3306 266 3384 potest.

238 3411 284 3474 At
308 3412 334 3475 si
358 3413 430 3494 quis
453 3411 538 3474 forte
562 3408 643 3472 mihi
667 3407 830 3490 obiecerit,
853 3407 907 3471 vix
931 3429 1001 3471 esse
1024 3407 1208 3491 verisimile,
1232 3406 1325 3473 Olea-

148 3539 261 3581 norem
282 3521 314 3582 et
328 3517 447 3602 Agiam
462 3520 631 3599 praeturas
645 3514 768 3579 Xeniae
787 3519 819 3578 et
832 3513 982 3578 Pasionis
998 3515 1184 3598 obtinuisse,
1204 3515 1324 3599 quippe

149 3645 221 3687 cum
245 3623 305 3709 ΠΙ,
328 3627 360 3709 1,
379 3627 420 3689 47
447 3622 638 3689 Oleanorem
661 3622 766 3705 Agiae
795 3621 987 3686 successisse
1012 3622 1194 3705 audiamus,
1222 3622 1251 3684 ei
1276 3644 1324 3685 re-

149 3731 322 3814 spondebo,
340 3731 402 3796 hoc
420 3732 529 3815 ipsum
547 3732 774 3814 argumentum
790 3749 868 3812 esse,
887 3750 950 3811 quo
966 3729 1211 3812 demonstretur,
1231 3724 1323 3791 Clea-

148 3859 261 3902 norem
284 3843 441 3903 nontam
464 3860 581 3902 munus
605 3836 764 3924 praetoris
793 3836 946 3918 adeptum
970 3872 1011 3881 -
1035 3856 1112 3898 nam
1139 3838 1324 3918 praetorem

149 3966 221 4008 eum
248 3946 314 4009 iam
343 3949 439 4010 antea
465 3945 565 4010 fuisse
594 3967 633 4008 ex
660 3943 702 4027 ΙΙ,
724 3947 751 4031 1,
773 3944 813 4007 10
841 3942 1053 4027 perspicimus
1077 3979 1120 3989 —
1149 3963 1245 4025 quam
1273 3942 1324 4023 iis,

220 4104 264 4172 38)
284 4102 468 4157 Artificiosius
491 4103 648 4171 Kruegerus
671 4101 701 4155 in
724 4099 825 4170 disput.
850 4101 885 4154 de
903 4101 1030 4170 Xenoph.
1054 4101 1126 4169 vita,
1150 4115 1214 4169 pag.
1235 4105 1267 4152 16
1287 4100 1323 4154 ad

148 4190 240 4244 locum
259 4192 298 4259 ll,
315 4199 343 4260 1,
359 4198 405 4260 10,
425 4209 481 4260 quo
496 4191 615 4245 Cleanor
633 4190 786 4256 ετρατηγό(
804 4188 975 4258 appellatur,
994 4207 1058 4244 eum
1076 4205 1126 4258 per
1145 4189 1263 4241 abusum
1281 4187 1323 4242 ibi

149 4280 203 4333 hoc
223 4281 333 4335 nomine
351 4282 402 4349 uti,
421 4298 483 4335 cum
503 4280 712 4346 ὑποετρατηγόε
730 4280 791 4331 tum
810 4277 902 4345 fuerit,
922 4280 1046 4333 annotat.
1195 4284 1197 4288 '
