<?xml version="1.0" encoding="UTF-8"?>
<!DOCTYPE html PUBLIC "-//W3C//DTD XHTML 1.0 Transitional//EN"
    "http://www.w3.org/TR/xhtml1/DTD/xhtml1-transitional.dtd">
<html xmlns="http://www.w3.org/1999/xhtml" xml:lang="en" lang="en">
 <head>
  <title>
</title>
<meta http-equiv="Content-Type" content="text/html;charset=utf-8" />
  <meta name='ocr-system' content='tesseract 3.04.00' />
  <meta name='ocr-capabilities' content='ocr_page ocr_carea ocr_par ocr_line ocrx_word'/>
</head>
<body>
  <div class='ocr_page' id='page_1' title='image "./dexenophontisan00neubgoog_0041.png"; bbox 0 0 2954 4980; ppageno 0'>
   <div class='ocr_carea' id='block_1_1' title="bbox 659 1153 710 1238">
    <p class='ocr_par' dir='ltr' id='par_1_1' title="bbox 659 1153 710 1238">
     <span class='ocr_line' id='line_1_1' title="bbox 659 1153 710 1238; baseline 0.059 -3"><span class='ocrx_word' id='word_1_1' title='bbox 659 1153 710 1238; x_wconf 90' lang='lat' dir='ltr'>H.</span> 
     </span>
    </p>
   </div>
   <div class='ocr_carea' id='block_1_2' title="bbox 183 1320 1190 1528">
    <p class='ocr_par' dir='ltr' id='par_1_2' title="bbox 183 1320 1190 1528">
     <span class='ocr_line' id='line_1_2' title="bbox 183 1320 1190 1426; baseline 0.005 -31"><span class='ocrx_word' id='word_1_2' title='bbox 183 1323 236 1398; x_wconf 91' lang='lat' dir='ltr'>De</span> <span class='ocrx_word' id='word_1_3' title='bbox 263 1323 418 1397; x_wconf 91' lang='lat' dir='ltr'>Diodori</span> <span class='ocrx_word' id='word_1_4' title='bbox 447 1320 555 1424; x_wconf 85' lang='lat' dir='ltr'><strong>(XIV,</strong></span> <span class='ocrx_word' id='word_1_5' title='bbox 579 1327 747 1419; x_wconf 79' lang='lat'>19-31)</span> <span class='ocrx_word' id='word_1_6' title='bbox 775 1327 814 1398; x_wconf 96' lang='lat' dir='ltr'>in</span> <span class='ocrx_word' id='word_1_7' title='bbox 843 1326 1077 1420; x_wconf 70' lang='lat' dir='ltr'>expeditione</span> <span class='ocrx_word' id='word_1_8' title='bbox 1104 1320 1190 1426; x_wconf 72' lang='lat' dir='ltr'>Cyri</span> 
     </span>
     <span class='ocr_line' id='line_1_3' title="bbox 465 1450 907 1528; baseline 0.014 -8"><span class='ocrx_word' id='word_1_9' title='bbox 465 1450 705 1523; x_wconf 88' lang='lat' dir='ltr'>describenda</span> <span class='ocrx_word' id='word_1_10' title='bbox 731 1450 907 1528; x_wconf 85' lang='lat' dir='ltr'>fontibus.</span> 
     </span>
    </p>
   </div>
   <div class='ocr_carea' id='block_1_3' title="bbox 97 1766 1395 2497">
    <p class='ocr_par' dir='ltr' id='par_1_3' title="bbox 97 1766 1395 2497">
     <span class='ocr_line' id='line_1_4' title="bbox 117 1766 1271 1855; baseline 0.004 -22"><span class='ocrx_word' id='word_1_11' title='bbox 117 1766 120 1774; x_wconf 79' lang='grc'><strong>’</strong></span> <span class='ocrx_word' id='word_1_12' title='bbox 188 1768 269 1834; x_wconf 80' lang='lat' dir='ltr'>Cum</span> <span class='ocrx_word' id='word_1_13' title='bbox 303 1790 533 1853; x_wconf 86' lang='lat' dir='ltr'>saepenumero</span> <span class='ocrx_word' id='word_1_14' title='bbox 565 1769 789 1855; x_wconf 90' lang='lat' dir='ltr'>Xenophontis</span> <span class='ocrx_word' id='word_1_15' title='bbox 823 1775 856 1835; x_wconf 90' lang='lat' dir='ltr'>et</span> <span class='ocrx_word' id='word_1_16' title='bbox 885 1770 1021 1836; x_wconf 89' lang='lat' dir='ltr'>Diodori</span> <span class='ocrx_word' id='word_1_17' title='bbox 1053 1771 1154 1837; x_wconf 88' lang='lat' dir='ltr'>libros</span> <span class='ocrx_word' id='word_1_18' title='bbox 1187 1795 1271 1838; x_wconf 90' lang='lat' dir='ltr'>com-</span> 
     </span>
     <span class='ocr_line' id='line_1_5' title="bbox 98 1875 1273 1963; baseline 0.004 -24"><span class='ocrx_word' id='word_1_19' title='bbox 98 1897 247 1959; x_wconf 88' lang='lat' dir='ltr'>pararem</span> <span class='ocrx_word' id='word_1_20' title='bbox 272 1875 313 1940; x_wconf 90' lang='lat' dir='ltr'>ad</span> <span class='ocrx_word' id='word_1_21' title='bbox 331 1898 392 1959; x_wconf 79' lang='lat' dir='ltr'>ree,</span> <span class='ocrx_word' id='word_1_22' title='bbox 415 1876 455 1941; x_wconf 89' lang='lat' dir='ltr'>de</span> <span class='ocrx_word' id='word_1_23' title='bbox 473 1876 590 1961; x_wconf 90' lang='lat' dir='ltr'>quibus</span> <span class='ocrx_word' id='word_1_24' title='bbox 609 1900 707 1962; x_wconf 89' lang='lat' dir='ltr'>supra</span> <span class='ocrx_word' id='word_1_25' title='bbox 725 1877 897 1962; x_wconf 86' lang='lat' dir='ltr'>disputavi,</span> <span class='ocrx_word' id='word_1_26' title='bbox 922 1879 1088 1963; x_wconf 85' lang='lat' dir='ltr'>eruendas,</span> <span class='ocrx_word' id='word_1_27' title='bbox 1111 1879 1273 1944; x_wconf 89' lang='lat' dir='ltr'>interdum</span> 
     </span>
     <span class='ocr_line' id='line_1_6' title="bbox 97 1981 1273 2069; baseline 0.004 -24"><span class='ocrx_word' id='word_1_28' title='bbox 97 1982 132 2047; x_wconf 94' lang='lat' dir='ltr'>in</span> <span class='ocrx_word' id='word_1_29' title='bbox 160 1983 300 2067; x_wconf 83' lang='lat' dir='ltr'>vestigia</span> <span class='ocrx_word' id='word_1_30' title='bbox 327 1981 465 2066; x_wconf 81' lang='lat' dir='ltr'>insignis</span> <span class='ocrx_word' id='word_1_31' title='bbox 493 1982 578 2046; x_wconf 87' lang='lat' dir='ltr'>inter</span> <span class='ocrx_word' id='word_1_32' title='bbox 605 2006 661 2048; x_wconf 90' lang='lat' dir='ltr'>eos</span> <span class='ocrx_word' id='word_1_33' title='bbox 689 2006 866 2050; x_wconf 87' lang='lat' dir='ltr'>consensus</span> <span class='ocrx_word' id='word_1_34' title='bbox 895 1985 1092 2064; x_wconf 81' lang='lat' dir='ltr'>incidebam,</span> <span class='ocrx_word' id='word_1_35' title='bbox 1121 1999 1202 2069; x_wconf 88' lang='lat' dir='ltr'>quae</span> <span class='ocrx_word' id='word_1_36' title='bbox 1225 1987 1273 2050; x_wconf 90' lang='lat' dir='ltr'>in-</span> 
     </span>
     <span class='ocr_line' id='line_1_7' title="bbox 97 2089 1272 2175; baseline 0 -21"><span class='ocrx_word' id='word_1_37' title='bbox 97 2089 219 2154; x_wconf 75' lang='lat' dir='ltr'>tentius</span> <span class='ocrx_word' id='word_1_38' title='bbox 247 2091 435 2173; x_wconf 88' lang='lat' dir='ltr'>persecutus</span> <span class='ocrx_word' id='word_1_39' title='bbox 460 2111 554 2172; x_wconf 90' lang='lat' dir='ltr'>spero</span> <span class='ocrx_word' id='word_1_40' title='bbox 577 2089 661 2173; x_wconf 89' lang='lat' dir='ltr'>fore,</span> <span class='ocrx_word' id='word_1_41' title='bbox 689 2092 726 2154; x_wconf 88' lang='lat' dir='ltr'>ut</span> <span class='ocrx_word' id='word_1_42' title='bbox 748 2090 802 2175; x_wconf 89' lang='lat' dir='ltr'>iis,</span> <span class='ocrx_word' id='word_1_43' title='bbox 829 2091 884 2174; x_wconf 92' lang='lat' dir='ltr'>qui</span> <span class='ocrx_word' id='word_1_44' title='bbox 906 2090 1053 2155; x_wconf 88' lang='lat' dir='ltr'>fontibus</span> <span class='ocrx_word' id='word_1_45' title='bbox 1077 2091 1272 2174; x_wconf 88' lang='lat' dir='ltr'>scriptorum</span> 
     </span>
     <span class='ocr_line' id='line_1_8' title="bbox 97 2196 1272 2282; baseline 0.003 -22"><span class='ocrx_word' id='word_1_46' title='bbox 97 2196 339 2279; x_wconf 86' lang='lat' dir='ltr'>perscrutandis</span> <span class='ocrx_word' id='word_1_47' title='bbox 355 2217 486 2279; x_wconf 87' lang='lat' dir='ltr'>operam</span> <span class='ocrx_word' id='word_1_48' title='bbox 500 2196 701 2281; x_wconf 88' lang='lat' dir='ltr'>impendunt,</span> <span class='ocrx_word' id='word_1_49' title='bbox 716 2201 846 2282; x_wconf 81' lang='lat' dir='ltr'>gratum</span> <span class='ocrx_word' id='word_1_50' title='bbox 862 2197 989 2262; x_wconf 88' lang='lat' dir='ltr'>faciam.</span> <span class='ocrx_word' id='word_1_51' title='bbox 1018 2198 1127 2282; x_wconf 87' lang='lat' dir='ltr'>Atque</span> <span class='ocrx_word' id='word_1_52' title='bbox 1141 2199 1176 2261; x_wconf 91' lang='lat' dir='ltr'>in</span> <span class='ocrx_word' id='word_1_53' title='bbox 1188 2197 1272 2264; x_wconf 87' lang='lat' dir='ltr'>Ana-</span> 
     </span>
     <span class='ocr_line' id='line_1_9' title="bbox 98 2301 1273 2390; baseline 0.003 -23"><span class='ocrx_word' id='word_1_54' title='bbox 98 2303 171 2368; x_wconf 85' lang='lat' dir='ltr'>basi</span> <span class='ocrx_word' id='word_1_55' title='bbox 193 2302 322 2388; x_wconf 90' lang='lat' dir='ltr'>quidem</span> <span class='ocrx_word' id='word_1_56' title='bbox 341 2301 538 2368; x_wconf 80' lang='lat' dir='ltr'>Graecorum</span> <span class='ocrx_word' id='word_1_57' title='bbox 562 2306 594 2367; x_wconf 91' lang='lat' dir='ltr'>et</span> <span class='ocrx_word' id='word_1_58' title='bbox 617 2304 651 2367; x_wconf 92' lang='lat' dir='ltr'>in</span> <span class='ocrx_word' id='word_1_59' title='bbox 673 2304 745 2388; x_wconf 88' lang='lat' dir='ltr'>ipsa</span> <span class='ocrx_word' id='word_1_60' title='bbox 767 2325 878 2388; x_wconf 84' lang='lat' dir='ltr'>pugna</span> <span class='ocrx_word' id='word_1_61' title='bbox 896 2304 1107 2369; x_wconf 90' lang='lat' dir='ltr'>describenda</span> <span class='ocrx_word' id='word_1_62' title='bbox 1126 2305 1273 2390; x_wconf 87' lang='lat' dir='ltr'>equidem</span> 
     </span>
     <span class='ocr_line' id='line_1_10' title="bbox 99 2398 1395 2497; baseline 0.003 -24"><span class='ocrx_word' id='word_1_63' title='bbox 99 2408 140 2474; x_wconf 88' lang='lat' dir='ltr'>ad</span> <span class='ocrx_word' id='word_1_64' title='bbox 161 2398 392 2496; x_wconf 37' lang='lat' dir='ltr'>⁴Kaemmelii¹)</span> <span class='ocrx_word' id='word_1_65' title='bbox 421 2410 615 2497; x_wconf 74' lang='lat' dir='ltr'>sententiam</span> <span class='ocrx_word' id='word_1_66' title='bbox 644 2432 695 2475; x_wconf 91' lang='lat' dir='ltr'>me</span> <span class='ocrx_word' id='word_1_67' title='bbox 722 2411 897 2495; x_wconf 87' lang='lat' dir='ltr'>inclinans,</span> <span class='ocrx_word' id='word_1_68' title='bbox 928 2411 1098 2495; x_wconf 80' lang='lat' dir='ltr'>Ephorum</span> <span class='ocrx_word' id='word_1_69' title='bbox 1127 2417 1273 2477; x_wconf 90' lang='lat' dir='ltr'>secutum</span> <span class='ocrx_word' id='word_1_70' title='bbox 1393 2439 1395 2444; x_wconf 93' lang='lat'>·</span> 
     </span>
    </p>
   </div>
   <div class='ocr_carea' id='block_1_4' title="bbox 99 2515 1301 4202">
    <p class='ocr_par' dir='ltr' id='par_1_4' title="bbox 99 2515 1301 4202">
     <span class='ocr_line' id='line_1_11' title="bbox 100 2515 1273 2602; baseline 0.002 -21"><span class='ocrx_word' id='word_1_71' title='bbox 100 2539 169 2582; x_wconf 89' lang='lat' dir='ltr'>esse</span> <span class='ocrx_word' id='word_1_72' title='bbox 188 2515 366 2581; x_wconf 89' lang='lat' dir='ltr'>Diodorum</span> <span class='ocrx_word' id='word_1_73' title='bbox 392 2518 547 2601; x_wconf 89' lang='lat' dir='ltr'>suspicor.</span> <span class='ocrx_word' id='word_1_74' title='bbox 589 2518 681 2583; x_wconf 88' lang='lat' dir='ltr'>Unde</span> <span class='ocrx_word' id='word_1_75' title='bbox 704 2541 781 2583; x_wconf 86' lang='lat' dir='ltr'>vero</span> <span class='ocrx_word' id='word_1_76' title='bbox 806 2518 907 2601; x_wconf 90' lang='lat' dir='ltr'>ipsius</span> <span class='ocrx_word' id='word_1_77' title='bbox 926 2518 1053 2602; x_wconf 80' lang='lat' dir='ltr'>Ephori</span> <span class='ocrx_word' id='word_1_78' title='bbox 1075 2521 1220 2584; x_wconf 85' lang='lat' dir='ltr'>narratio</span> <span class='ocrx_word' id='word_1_79' title='bbox 1239 2520 1273 2583; x_wconf 93' lang='lat' dir='ltr'>in</span> 
     </span>
     <span class='ocr_line' id='line_1_12' title="bbox 101 2624 1301 2709; baseline 0.002 -21"><span class='ocrx_word' id='word_1_80' title='bbox 101 2646 138 2688; x_wconf 87' lang='lat' dir='ltr'>ea</span> <span class='ocrx_word' id='word_1_81' title='bbox 156 2628 250 2709; x_wconf 88' lang='lat' dir='ltr'>parte</span> <span class='ocrx_word' id='word_1_82' title='bbox 268 2624 478 2689; x_wconf 73' lang='lat' dir='ltr'>historiarum</span> <span class='ocrx_word' id='word_1_83' title='bbox 496 2625 614 2690; x_wconf 85' lang='lat' dir='ltr'>hausta</span> <span class='ocrx_word' id='word_1_84' title='bbox 633 2647 702 2690; x_wconf 88' lang='lat' dir='ltr'>esse</span> <span class='ocrx_word' id='word_1_85' title='bbox 722 2626 892 2706; x_wconf 84' lang='lat' dir='ltr'>videretur,</span> <span class='ocrx_word' id='word_1_86' title='bbox 909 2625 972 2689; x_wconf 92' lang='lat' dir='ltr'>hoc</span> <span class='ocrx_word' id='word_1_87' title='bbox 990 2625 1162 2690; x_wconf 91' lang='lat' dir='ltr'>nemodum</span> <span class='ocrx_word' id='word_1_88' title='bbox 1182 2649 1272 2690; x_wconf 86' lang='lat' dir='ltr'>aeeu-</span> <span class='ocrx_word' id='word_1_89' title='bbox 1294 2695 1301 2704; x_wconf 54' lang='lat'>‚</span> 
     </span>
     <span class='ocr_line' id='line_1_13' title="bbox 99 2729 1274 2816; baseline 0 -22"><span class='ocrx_word' id='word_1_90' title='bbox 99 2729 204 2795; x_wconf 88' lang='lat' dir='ltr'>ratius</span> <span class='ocrx_word' id='word_1_91' title='bbox 228 2731 478 2795; x_wconf 86' lang='lat' dir='ltr'>examinandum</span> <span class='ocrx_word' id='word_1_92' title='bbox 502 2732 564 2796; x_wconf 90' lang='lat' dir='ltr'>sibi</span> <span class='ocrx_word' id='word_1_93' title='bbox 587 2733 770 2816; x_wconf 89' lang='lat' dir='ltr'>proposuit.</span> <span class='ocrx_word' id='word_1_94' title='bbox 806 2729 892 2796; x_wconf 90' lang='lat' dir='ltr'>Nam</span> <span class='ocrx_word' id='word_1_95' title='bbox 911 2730 1131 2796; x_wconf 86' lang='lat' dir='ltr'>Kaemmelius</span> <span class='ocrx_word' id='word_1_96' title='bbox 1150 2731 1186 2794; x_wconf 92' lang='lat' dir='ltr'>in</span> <span class='ocrx_word' id='word_1_97' title='bbox 1205 2732 1274 2796; x_wconf 91' lang='lat' dir='ltr'>uni-</span> 
     </span>
     <span class='ocr_line' id='line_1_14' title="bbox 99 2837 1273 2923; baseline 0 -22"><span class='ocrx_word' id='word_1_98' title='bbox 99 2859 228 2902; x_wconf 85' lang='lat' dir='ltr'>versum</span> <span class='ocrx_word' id='word_1_99' title='bbox 261 2838 411 2921; x_wconf 85' lang='lat' dir='ltr'>coniecit,</span> <span class='ocrx_word' id='word_1_100' title='bbox 444 2837 572 2903; x_wconf 80' lang='lat' dir='ltr'>Otesiae</span> <span class='ocrx_word' id='word_1_101' title='bbox 605 2838 846 2904; x_wconf 88' lang='lat' dir='ltr'>commentariis</span> <span class='ocrx_word' id='word_1_102' title='bbox 876 2837 1052 2904; x_wconf 82' lang='lat' dir='ltr'>Cumaeum</span> <span class='ocrx_word' id='word_1_103' title='bbox 1084 2839 1273 2923; x_wconf 72' lang='lat' dir='ltr'>scriptorem</span> 
     </span>
     <span class='ocr_line' id='line_1_15' title="bbox 99 2943 1274 3030; baseline 0.001 -23"><span class='ocrx_word' id='word_1_104' title='bbox 99 2965 194 3008; x_wconf 90' lang='lat' dir='ltr'>usum</span> <span class='ocrx_word' id='word_1_105' title='bbox 217 2965 296 3009; x_wconf 89' lang='lat' dir='ltr'>esse.</span> <span class='ocrx_word' id='word_1_106' title='bbox 342 2943 431 3021; x_wconf 79' lang='lat' dir='ltr'>Quae</span> <span class='ocrx_word' id='word_1_107' title='bbox 455 2945 584 3030; x_wconf 92' lang='lat' dir='ltr'>quidem</span> <span class='ocrx_word' id='word_1_108' title='bbox 609 2945 718 3028; x_wconf 89' lang='lat' dir='ltr'>opinio</span> <span class='ocrx_word' id='word_1_109' title='bbox 743 2946 805 3010; x_wconf 87' lang='lat' dir='ltr'>etsi</span> <span class='ocrx_word' id='word_1_110' title='bbox 828 2945 1064 3010; x_wconf 85' lang='lat' dir='ltr'>verisimillima</span> <span class='ocrx_word' id='word_1_111' title='bbox 1088 2947 1138 3009; x_wconf 89' lang='lat' dir='ltr'>est</span> <span class='ocrx_word' id='word_1_112' title='bbox 1160 2945 1274 3028; x_wconf 90' lang='lat' dir='ltr'>iisque,</span> 
     </span>
     <span class='ocr_line' id='line_1_16' title="bbox 101 3049 1274 3137; baseline -0.001 -22"><span class='ocrx_word' id='word_1_113' title='bbox 101 3071 182 3134; x_wconf 85' lang='lat' dir='ltr'>quae</span> <span class='ocrx_word' id='word_1_114' title='bbox 205 3049 423 3116; x_wconf 89' lang='lat' dir='ltr'>Kaemmelius</span> <span class='ocrx_word' id='word_1_115' title='bbox 448 3052 572 3130; x_wconf 86' lang='lat' dir='ltr'>attulit,</span> <span class='ocrx_word' id='word_1_116' title='bbox 602 3052 802 3137; x_wconf 85' lang='lat' dir='ltr'>argumentis</span> <span class='ocrx_word' id='word_1_117' title='bbox 829 3053 1052 3134; x_wconf 86' lang='lat' dir='ltr'>confirmatur,</span> <span class='ocrx_word' id='word_1_118' title='bbox 1076 3055 1185 3115; x_wconf 88' lang='lat' dir='ltr'>tamen</span> <span class='ocrx_word' id='word_1_119' title='bbox 1208 3073 1274 3115; x_wconf 95' lang='lat' dir='ltr'>non</span> 
     </span>
     <span class='ocr_line' id='line_1_17' title="bbox 100 3157 1274 3243; baseline 0.001 -22"><span class='ocrx_word' id='word_1_120' title='bbox 100 3157 147 3221; x_wconf 84' lang='lat' dir='ltr'>ita</span> <span class='ocrx_word' id='word_1_121' title='bbox 169 3157 344 3241; x_wconf 89' lang='lat' dir='ltr'>premenda</span> <span class='ocrx_word' id='word_1_122' title='bbox 367 3160 426 3243; x_wconf 90' lang='lat' dir='ltr'>est,</span> <span class='ocrx_word' id='word_1_123' title='bbox 448 3162 485 3222; x_wconf 91' lang='lat' dir='ltr'>ut</span> <span class='ocrx_word' id='word_1_124' title='bbox 503 3159 693 3243; x_wconf 82' lang='lat' dir='ltr'>scriptorem</span> <span class='ocrx_word' id='word_1_125' title='bbox 710 3159 803 3223; x_wconf 89' lang='lat' dir='ltr'>illurn</span> <span class='ocrx_word' id='word_1_126' title='bbox 822 3159 911 3223; x_wconf 94' lang='lat' dir='ltr'>nullo</span> <span class='ocrx_word' id='word_1_127' title='bbox 932 3158 996 3222; x_wconf 91' lang='lat' dir='ltr'>alio</span> <span class='ocrx_word' id='word_1_128' title='bbox 1016 3158 1108 3221; x_wconf 87' lang='lat' dir='ltr'>fonte</span> <span class='ocrx_word' id='word_1_129' title='bbox 1127 3158 1274 3222; x_wconf 90' lang='lat' dir='ltr'>adhibito</span> 
     </span>
     <span class='ocr_line' id='line_1_18' title="bbox 102 3262 1273 3350; baseline 0.002 -23"><span class='ocrx_word' id='word_1_130' title='bbox 102 3263 162 3328; x_wconf 89' lang='lat' dir='ltr'>soli</span> <span class='ocrx_word' id='word_1_131' title='bbox 186 3264 313 3330; x_wconf 83' lang='lat' dir='ltr'>Ctesiae</span> <span class='ocrx_word' id='word_1_132' title='bbox 341 3286 375 3329; x_wconf 90' lang='lat' dir='ltr'>se</span> <span class='ocrx_word' id='word_1_133' title='bbox 403 3265 563 3329; x_wconf 85' lang='lat' dir='ltr'>addixisse</span> <span class='ocrx_word' id='word_1_134' title='bbox 591 3288 650 3350; x_wconf 92' lang='lat' dir='ltr'>pro</span> <span class='ocrx_word' id='word_1_135' title='bbox 681 3269 768 3330; x_wconf 85' lang='lat' dir='ltr'>certo</span> <span class='ocrx_word' id='word_1_136' title='bbox 798 3267 971 3329; x_wconf 85' lang='lat' dir='ltr'>statuatur.</span> <span class='ocrx_word' id='word_1_137' title='bbox 1018 3262 1138 3339; x_wconf 82' lang='lat' dir='ltr'>Quodsi</span> <span class='ocrx_word' id='word_1_138' title='bbox 1167 3268 1273 3329; x_wconf 88' lang='lat' dir='ltr'>certae</span> 
     </span>
     <span class='ocr_line' id='line_1_19' title="bbox 100 3369 1275 3460; baseline 0 -25"><span class='ocrx_word' id='word_1_139' title='bbox 100 3371 272 3435; x_wconf 79' lang='lat' dir='ltr'>nonnullae</span> <span class='ocrx_word' id='word_1_140' title='bbox 292 3370 623 3460; x_wconf 84' lang='lat' dir='ltr'>similitudinesinter</span> <span class='ocrx_word' id='word_1_141' title='bbox 640 3372 713 3456; x_wconf 91' lang='lat' dir='ltr'>ipsa</span> <span class='ocrx_word' id='word_1_142' title='bbox 726 3371 955 3456; x_wconf 87' lang='lat' dir='ltr'>Xenophontis</span> <span class='ocrx_word' id='word_1_143' title='bbox 974 3374 1006 3434; x_wconf 90' lang='lat' dir='ltr'>et</span> <span class='ocrx_word' id='word_1_144' title='bbox 1021 3369 1157 3436; x_wconf 90' lang='lat' dir='ltr'>Diodori</span> <span class='ocrx_word' id='word_1_145' title='bbox 1176 3371 1275 3436; x_wconf 86' lang='lat' dir='ltr'>verba</span> 
     </span>
     <span class='ocr_line' id='line_1_20' title="bbox 100 3477 1274 3563; baseline 0 -21"><span class='ocrx_word' id='word_1_146' title='bbox 100 3479 314 3561; x_wconf 88' lang='lat' dir='ltr'>reperiuntur,</span> <span class='ocrx_word' id='word_1_147' title='bbox 337 3477 507 3561; x_wconf 84' lang='lat' dir='ltr'>Ephorum</span> <span class='ocrx_word' id='word_1_148' title='bbox 530 3479 756 3563; x_wconf 88' lang='lat' dir='ltr'>Xenophontis</span> <span class='ocrx_word' id='word_1_149' title='bbox 785 3501 912 3563; x_wconf 88' lang='lat' dir='ltr'>quoquc</span> <span class='ocrx_word' id='word_1_150' title='bbox 930 3478 1042 3542; x_wconf 65' lang='lat' dir='ltr'>&gt;libros</span> <span class='ocrx_word' id='word_1_151' title='bbox 1065 3479 1100 3543; x_wconf 93' lang='lat' dir='ltr'>in</span> <span class='ocrx_word' id='word_1_152' title='bbox 1124 3479 1274 3543; x_wconf 88' lang='lat' dir='ltr'>manibus</span> 
     </span>
     <span class='ocr_line' id='line_1_21' title="bbox 100 3583 1276 3670; baseline 0 -21"><span class='ocrx_word' id='word_1_153' title='bbox 100 3583 254 3649; x_wconf 87' lang='lat' dir='ltr'>habuisse</span> <span class='ocrx_word' id='word_1_154' title='bbox 281 3584 394 3669; x_wconf 83' lang='lat' dir='ltr'>negari</span> <span class='ocrx_word' id='word_1_155' title='bbox 421 3586 542 3669; x_wconf 87' lang='lat' dir='ltr'>nequit.</span> <span class='ocrx_word' id='word_1_156' title='bbox 592 3584 675 3651; x_wconf 82' lang='lat' dir='ltr'>Sunt</span> <span class='ocrx_word' id='word_1_157' title='bbox 703 3589 812 3666; x_wconf 85' lang='lat' dir='ltr'>autem</span> <span class='ocrx_word' id='word_1_158' title='bbox 840 3585 1000 3670; x_wconf 90' lang='lat' dir='ltr'>imprimis</span> <span class='ocrx_word' id='word_1_159' title='bbox 1029 3584 1191 3668; x_wconf 89' lang='lat' dir='ltr'>promissa</span> <span class='ocrx_word' id='word_1_160' title='bbox 1217 3585 1276 3649; x_wconf 90' lang='lat' dir='ltr'>illa</span> 
     </span>
     <span class='ocr_line' id='line_1_22' title="bbox 101 3689 1275 3780; baseline -0.001 -25"><span class='ocrx_word' id='word_1_161' title='bbox 101 3691 187 3780; x_wconf 87' lang='lat' dir='ltr'>inter</span> <span class='ocrx_word' id='word_1_162' title='bbox 209 3713 243 3755; x_wconf 89' lang='lat' dir='ltr'>se</span> <span class='ocrx_word' id='word_1_163' title='bbox 267 3691 492 3776; x_wconf 84' lang='lat' dir='ltr'>comparanda,</span> <span class='ocrx_word' id='word_1_164' title='bbox 516 3692 634 3776; x_wconf 87' lang='lat' dir='ltr'>quibus</span> <span class='ocrx_word' id='word_1_165' title='bbox 658 3690 764 3776; x_wconf 84' lang='lat' dir='ltr'>Oyrus</span> <span class='ocrx_word' id='word_1_166' title='bbox 788 3692 946 3757; x_wconf 90' lang='lat' dir='ltr'>militibus</span> <span class='ocrx_word' id='word_1_167' title='bbox 970 3689 1101 3755; x_wconf 86' lang='lat' dir='ltr'>Graecis</span> <span class='ocrx_word' id='word_1_168' title='bbox 1123 3691 1275 3776; x_wconf 83' lang='lat' dir='ltr'>progredi</span> 
     </span>
     <span class='ocr_line' id='line_1_23' title="bbox 101 3797 1274 3883; baseline -0.001 -21"><span class='ocrx_word' id='word_1_169' title='bbox 101 3798 298 3882; x_wconf 85' lang='lat' dir='ltr'>nolentibus,</span> <span class='ocrx_word' id='word_1_170' title='bbox 316 3801 353 3862; x_wconf 91' lang='lat' dir='ltr'>ut</span> <span class='ocrx_word' id='word_1_171' title='bbox 370 3797 433 3863; x_wconf 90' lang='lat' dir='ltr'>iter</span> <span class='ocrx_word' id='word_1_172' title='bbox 448 3799 683 3883; x_wconf 89' lang='lat' dir='ltr'>continuarent,</span> <span class='ocrx_word' id='word_1_173' title='bbox 701 3798 877 3883; x_wconf 88' lang='lat' dir='ltr'>persuasit:</span> <span class='ocrx_word' id='word_1_174' title='bbox 900 3798 941 3863; x_wconf 91' lang='lat' dir='ltr'>D.</span> <span class='ocrx_word' id='word_1_175' title='bbox 954 3799 1007 3881; x_wconf 77' lang='lat'>21,</span> <span class='ocrx_word' id='word_1_176' title='bbox 1022 3798 1042 3862; x_wconf 89' lang='grc'><strong>6</strong></span> <span class='ocrx_word' id='word_1_177' title='bbox 1057 3797 1274 3882; x_wconf 81' lang='grc' dir='ltr'>,,ἐπαγγελλό-</span> 
     </span>
     <span class='ocr_line' id='line_1_24' title="bbox 102 3903 1275 3986; baseline 0.001 -18"><span class='ocrx_word' id='word_1_178' title='bbox 102 3925 198 3983; x_wconf 81' lang='grc' dir='ltr'>μενοτ</span> <span class='ocrx_word' id='word_1_179' title='bbox 225 3903 325 3970; x_wconf 79' lang='grc' dir='ltr'>ἄλλα(</span> <span class='ocrx_word' id='word_1_180' title='bbox 348 3927 384 3970; x_wconf 91' lang='grc' dir='ltr'>τε</span> <span class='ocrx_word' id='word_1_181' title='bbox 412 3906 551 3985; x_wconf 73' lang='grc' dir='ltr'>μεγάλα(</span> <span class='ocrx_word' id='word_1_182' title='bbox 576 3908 699 3986; x_wconf 75' lang='grc' dir='ltr'>δωρεὰ(</span> <span class='ocrx_word' id='word_1_183' title='bbox 721 3907 772 3971; x_wconf 83' lang='grc' dir='ltr'>καὶ</span> <span class='ocrx_word' id='word_1_184' title='bbox 795 3905 844 3971; x_wconf 84' lang='grc' dir='ltr'>ὅτι</span> <span class='ocrx_word' id='word_1_185' title='bbox 868 3907 1142 3984; x_wconf 70' lang='grc' dir='ltr'>παραγενομένοις</span> <span class='ocrx_word' id='word_1_186' title='bbox 1165 3904 1275 3969; x_wconf 66' lang='grc' dir='ltr'>αὐτοῖς</span> 
     </span>
     <span class='ocr_line' id='line_1_25' title="bbox 103 4010 1274 4091; baseline 0 -16"><span class='ocrx_word' id='word_1_187' title='bbox 103 4010 147 4076; x_wconf 80' lang='grc' dir='ltr'>εἰ(</span> <span class='ocrx_word' id='word_1_188' title='bbox 163 4013 340 4090; x_wconf 77' lang='grc' dir='ltr'>Βαβυλῶνα</span> <span class='ocrx_word' id='word_1_189' title='bbox 354 4010 426 4076; x_wconf 74' lang='grc' dir='ltr'>κατ’</span> <span class='ocrx_word' id='word_1_190' title='bbox 444 4010 546 4091; x_wconf 84' lang='grc' dir='ltr'>ἄνδρα</span> <span class='ocrx_word' id='word_1_191' title='bbox 566 4013 699 4077; x_wconf 80' lang='grc' dir='ltr'>ἕκαττον</span> <span class='ocrx_word' id='word_1_192' title='bbox 718 4013 811 4077; x_wconf 67' lang='lat' dir='ltr'>odiret</span> <span class='ocrx_word' id='word_1_193' title='bbox 831 4013 928 4076; x_wconf 88' lang='grc' dir='ltr'>πέντε</span> <span class='ocrx_word' id='word_1_194' title='bbox 944 4015 1023 4090; x_wconf 80' lang='grc' dir='ltr'>μνᾶ(</span> <span class='ocrx_word' id='word_1_195' title='bbox 1038 4010 1217 4090; x_wconf 85' lang='grc' dir='ltr'>ἀργορίου“,</span> <span class='ocrx_word' id='word_1_196' title='bbox 1232 4049 1274 4058; x_wconf 86' lang='lat'><em>-</em></span> 
     </span>
     <span class='ocr_line' id='line_1_26' title="bbox 102 4117 1275 4202; baseline 0.003 -21"><span class='ocrx_word' id='word_1_197' title='bbox 102 4117 142 4182; x_wconf 90' lang='lat' dir='ltr'>X.</span> <span class='ocrx_word' id='word_1_198' title='bbox 161 4117 235 4202; x_wconf 83' lang='grc' dir='ltr'><strong>Ι,4,</strong></span> <span class='ocrx_word' id='word_1_199' title='bbox 256 4117 310 4181; x_wconf 84' lang='lat'>13:</span> <span class='ocrx_word' id='word_1_200' title='bbox 343 4118 380 4197; x_wconf 82' lang='lat' dir='ltr'>„d</span> <span class='ocrx_word' id='word_1_201' title='bbox 408 4117 436 4182; x_wconf 84' lang='grc' dir='ltr'>δ’</span> <span class='ocrx_word' id='word_1_202' title='bbox 463 4119 619 4198; x_wconf 80' lang='grc' dir='ltr'>ὑπέτχετο</span> <span class='ocrx_word' id='word_1_203' title='bbox 647 4118 740 4198; x_wconf 82' lang='grc' dir='ltr'>ἀνδρὶ</span> <span class='ocrx_word' id='word_1_204' title='bbox 768 4117 888 4201; x_wconf 69' lang='lat' dir='ltr'>{adeun</span> <span class='ocrx_word' id='word_1_205' title='bbox 917 4117 1031 4182; x_wconf 79' lang='grc' dir='ltr'>δώεειν</span> <span class='ocrx_word' id='word_1_206' title='bbox 1054 4119 1151 4183; x_wconf 85' lang='grc' dir='ltr'>πέντε</span> <span class='ocrx_word' id='word_1_207' title='bbox 1179 4118 1275 4198; x_wconf 87' lang='grc' dir='ltr'>ἀργυ-</span> 
     </span>
    </p>
   </div>
   <div class='ocr_carea' id='block_1_5' title="bbox 176 4288 1275 4397">
    <p class='ocr_par' dir='ltr' id='par_1_5' title="bbox 176 4288 1275 4397">
     <span class='ocr_line' id='line_1_27' title="bbox 176 4288 1275 4397; baseline 0.001 -14"><span class='ocrx_word' id='word_1_208' title='bbox 176 4329 203 4397; x_wconf 91' lang='lat'>1)</span> <span class='ocrx_word' id='word_1_209' title='bbox 221 4288 273 4382; x_wconf 76' lang='lat' dir='ltr'>nt</span> <span class='ocrx_word' id='word_1_210' title='bbox 297 4326 427 4382; x_wconf 70' lang='lat' dir='ltr'>serione</span> <span class='ocrx_word' id='word_1_211' title='bbox 450 4329 520 4383; x_wconf 73' lang='lat' dir='ltr'>uber</span> <span class='ocrx_word' id='word_1_212' title='bbox 543 4329 588 4383; x_wconf 74' lang='lat' dir='ltr'>ue</span> <span class='ocrx_word' id='word_1_213' title='bbox 614 4328 749 4383; x_wconf 69' lang='lat' dir='ltr'>sanaem</span> <span class='ocrx_word' id='word_1_214' title='bbox 772 4345 829 4383; x_wconf 78' lang='lat' dir='ltr'>von</span> <span class='ocrx_word' id='word_1_215' title='bbox 852 4328 969 4383; x_wconf 67' lang='lat' dir='ltr'>nuum</span> <span class='ocrx_word' id='word_1_216' title='bbox 988 4329 1046 4382; x_wconf 79' lang='lat' dir='ltr'>une</span> <span class='ocrx_word' id='word_1_217' title='bbox 1069 4329 1120 4384; x_wconf 76' lang='lat' dir='ltr'>cer</span> <span class='ocrx_word' id='word_1_218' title='bbox 1141 4328 1204 4383; x_wconf 72' lang='lat' dir='ltr'>ran</span> <span class='ocrx_word' id='word_1_219' title='bbox 1227 4329 1275 4384; x_wconf 73' lang='lat' dir='ltr'>aa</span> 
     </span>
    </p>
   </div>
   <div class='ocr_carea' id='block_1_6' title="bbox 104 4415 1239 4488">
    <p class='ocr_par' dir='ltr' id='par_1_6' title="bbox 104 4415 1239 4488">
     <span class='ocr_line' id='line_1_28' title="bbox 104 4415 1239 4488; baseline 0.002 -18"><span class='ocrx_word' id='word_1_220' title='bbox 104 4415 190 4485; x_wconf 79' lang='lat' dir='ltr'>Cyrus</span> <span class='ocrx_word' id='word_1_221' title='bbox 210 4434 255 4471; x_wconf 86' lang='lat' dir='ltr'>am</span> <span class='ocrx_word' id='word_1_222' title='bbox 274 4424 299 4470; x_wconf 85' lang='lat'>3.</span> <span class='ocrx_word' id='word_1_223' title='bbox 319 4415 483 4485; x_wconf 83' lang='lat' dir='ltr'>September</span> <span class='ocrx_word' id='word_1_224' title='bbox 501 4423 551 4470; x_wconf 85' lang='lat'>401</span> <span class='ocrx_word' id='word_1_225' title='bbox 572 4437 598 4475; x_wconf 82' lang='lat' dir='ltr'>v.</span> <span class='ocrx_word' id='word_1_226' title='bbox 618 4417 680 4473; x_wconf 83' lang='lat' dir='ltr'>Chr.</span> <span class='ocrx_word' id='word_1_227' title='bbox 700 4417 864 4488; x_wconf 78' lang='lat' dir='ltr'>Philologus</span> <span class='ocrx_word' id='word_1_228' title='bbox 881 4419 931 4475; x_wconf 90' lang='lat' dir='ltr'>Bd.</span> <span class='ocrx_word' id='word_1_229' title='bbox 950 4416 1076 4485; x_wconf 86' lang='lat' dir='ltr'><strong>XXXIV,</strong></span> <span class='ocrx_word' id='word_1_230' title='bbox 1094 4433 1159 4487; x_wconf 82' lang='lat' dir='ltr'>pag.</span> <span class='ocrx_word' id='word_1_231' title='bbox 1179 4423 1239 4472; x_wconf 80' lang='lat'>529.</span> 
     </span>
    </p>
   </div>
   <div class='ocr_carea' id='block_1_7' title="bbox 0 0 1488 4980">
    <p class='ocr_par' dir='ltr' id='par_1_7' title="bbox 0 0 1488 4980">
     <span class='ocr_line' id='line_1_29' title="bbox 0 0 1488 4980; baseline 0 0"><span class='ocrx_word' id='word_1_232' title='bbox 0 0 1488 4980; x_wconf 95' lang='lat' dir='ltr'> </span> 
     </span>
    </p>
   </div>
  </div>
 </body>
</html>
