2954 4980
574 294 977 405 ⁴--43-w

151 501 185 562 et
203 496 270 561 situ
288 497 519 562 nonnullorum
534 496 725 580 oppidorum
740 495 949 580 disseruntur,
969 517 1095 562 summa
1109 496 1324 564 admiratione

152 594 252 690 digna
274 625 345 669 esse
367 603 527 670 videntur.
569 603 656 669 Nem
679 625 876 689 quamquam
899 603 1047 688 concede,
1069 604 1249 670 Diodorum
1272 604 1324 669 his

151 711 233 776 locis
255 708 465 795 Xenophonti
490 733 623 795 prorsus
651 733 686 775 se
709 710 910 775 addicentem
933 732 1038 795 neque
1060 711 1175 796 grana
1198 732 1325 794 semper

148 841 170 882 a
197 817 322 896 levibus
351 822 571 882 secernentem
599 819 633 883 in
660 817 741 902 ipsis
768 817 877 883 uerbis
906 810 1050 882 ordinem
1079 819 1219 883 auctoris
1247 839 1325 882 non·

149 947 327 1009 numquam
351 923 522 1010 diligenter
546 925 751 1010 observasse,
777 927 888 989 tamen
911 947 989 988 num
1011 923 1179 1010 Ephorus,
1207 924 1325 1010 quippe

151 1033 207 1118 qui
226 1032 435 1118 gravissimas
454 1054 505 1096 res
524 1053 625 1115 usque
644 1030 685 1096 ad
703 1031 805 1115 ipsius
824 1034 964 1096 aetatem
979 1034 1090 1117 gestas
1105 1032 1325 1115 composuisse

150 1139 308 1223 videatur,
331 1138 366 1202 in
389 1138 533 1224 urbibus,
562 1161 641 1222 quas
667 1137 781 1203 Graeci
803 1139 973 1202 redeuntes
997 1138 1186 1223 attigerunt,
1209 1139 1325 1203 deseri-

150 1245 265 1312 bendis
291 1244 526 1309 tam'uberiter
549 1249 645 1330 atque
670 1246 799 1329 copiose
822 1247 970 1310 versatus
992 1245 1035 1310 sit
1054 1247 1110 1309 aut
1127 1249 1196 1309 tam
1215 1245 1326 1311 servili
1456 1293 1459 1299 ,

150 1352 334 1417 imitatione
350 1351 576 1437 Xenophontis
596 1351 772 1436 Anabasin,
796 1352 1031 1436 qninquaginta
1049 1352 1115 1416 fere
1135 1353 1227 1416 annis
1251 1357 1326 1418 ante

152 1459 274 1525 editam
286 1459 483 1544 Ephoroque
498 1459 688 1544 aequalibus
703 1460 773 1524 sine
789 1459 886 1524 dubio
900 1458 1109 1523 notissimam
1123 1460 1327 1545 expresserit,

151 1586 213 1651 ego
237 1567 331 1632 valde
354 1567 477 1632 dubito.
518 1567 670 1653 Legimus
695 1567 780 1632 enim
803 1566 900 1631 haee:

152 1672 191 1738 D.
215 1675 245 1739 3.
268 1675 486 1754 ἑπορεύθηταν
510 1675 554 1739 etc
577 1676 806 1754 Τραπεζοῦντα
829 1673 925 1739 πόλιν
946 1672 1126 1752 Ἑλληνίδα,
1155 1673 1345 1740 (ινωπέων

288 1783 345 1860 μὲν
369 1779 518 1861 ἄποικον,
543 1782 688 1860 κειμένην
712 1782 747 1845 δὲ
772 1782 808 1845 ἐν
831 1787 868 1865 τῇ
894 1779 1027 1858 Κόλχων
1051 1780 1148 1864 χώρᾳ.

151 1887 191 1955 X
208 1887 266 1974 IV,
285 1890 314 1971 8,
333 1887 376 1952 22
395 1888 546 1953 ἐντεῦθεν
564 1885 593 1951 δ’
612 1888 830 1967 ἐπορεύθηταν
849 1937 901 1953 ...
921 1888 966 1952 εἰ(
984 1889 1213 1967 Τραπεζοῦντα
1231 1887 1326 1953 πόλιν

284 1993 451 2074 Ἑλληνίδα
475 1992 679 2081 (οἰκουμένην
706 1995 743 2059 ἐν
771 2000 817 2078 τῷ
841 1994 978 2078 Εὐξείνῳ
996 1990 1130 2078 Πόντῳ)
1154 1995 1327 2061 (ινωπέων

286 2099 435 2165 ἀποικίαν
458 2102 495 2165 ἐν
517 2107 555 2186 τῇ
581 2100 714 2179 Κόλχων
737 2101 835 2183 χώρᾳ.

241 2208 286 2272 Εί
310 2207 428 2272 elarius
452 2206 565 2292 etiam,
589 2211 625 2271 ut
648 2207 710 2272 hoc
734 2206 809 2271 huie
832 2208 903 2271 loco
927 2206 1082 2271 inseram:

152 2315 191 2381 D.
212 2315 232 2381 5
251 2316 302 2398 καὶ
320 2319 454 2395 τριταῖοι
473 2317 734 2396 παρεγενήθηταν
754 2313 798 2378 eu
818 2316 1019 2393 Κερατοίιντα
1037 2313 1133 2379 πόλιν
1151 2310 1327 2395 Ἑλληνίδα,

289 2424 462 2488 (ινωπέων
485 2421 629 2488 ἄποικον.

156 2527 195 2593 X.
214 2527 254 2613 V,
273 2529 303 2614 3,
324 2528 345 2592 2
368 2529 419 2594 καὶ
441 2528 652 2609 ἀφικνοῦνται
671 2527 883 2607 πορευόμενοι
907 2528 952 2592 εἰ(
972 2530 1171 2607 Κερατοῦντα
1194 2533 1328 2608 τριταῖοι

194 2703 196 2708 ,
292 2635 388 2701 πόλιν
410 2635 577 2714 Ἑλληνίδα
599 2635 652 2699 ἐπὶ
675 2633 815 2718 θαλάττῃ
839 2636 1012 2701 (ινωπέινν
1035 2635 1179 2701 ἄποικον.

246 2741 370 2807 Eadem
393 2741 539 2827 denique,
561 2764 601 2806 ne
626 2740 754 2827 singula
777 2742 994 2806 enumerando
1016 2743 1163 2826 legentes
1181 2744 1329 2830 fatigem,

154 2850 195 2915 ab
218 2851 355 2933 utroque
379 2848 418 2913 de
437 2844 641 2934 uotyoraffi),
664 2847 703 2911 de
722 2844 902 2933 Sinopae),
925 2849 964 2912 de
984 2847 1189 2935 Heracleae)
1208 2851 1328 2936 oppido

155 2956 359 3040 enarrantur,
387 2954 443 3020 sed
470 2954 519 3019 ita
541 2953 683 3038 quidem,
710 2958 748 3019 nt
770 2954 933 3020 Diodorus
956 2956 1146 3041 plerumque
1169 2957 1254 3023 hane
1276 2958 1328 3023 vel

153 3063 244 3128 illam
275 3062 466 3127 memoriam
497 3064 643 3146 repetere
675 3061 814 3126 omittet.
866 3062 928 3127 Sed
960 3067 998 3128 ut
1028 3064 1212 3149 redeamus,
1234 3064 1328 3129 unde

154 3169 293 3255 digressi
325 3191 450 3255 sumus,
482 3191 564 3254 quae
592 3169 793 3252 Trapezunte
825 3169 913 3234 facta
941 3173 1030 3255 sunt,
1062 3193 1173 3236 eorum
1201 3193 1329 3255 quoque

155 3276 329 3360 descriptio
353 3277 514 3341 similibus
537 3275 644 3341 verbis
667 3275 830 3358 incipitur.

242 3383 384 3448 Exhibet
406 3383 491 3448 enim
516 3382 555 3447 D.
578 3383 607 3447 3.
631 3382 788 3462 ,ἐνταῦθα
806 3383 842 3448 δὲ
861 3382 1087 3463 διατρίψαντες
1105 3385 1223 3464 ἡμέρα(
1242 3383 1327 3464 τριά-

287 3511 394 3571 κοντα,
418 3492 504 3571 παρὰ
527 3492 585 3570 μὲν
607 3495 676 3556 τοῖα
700 3490 866 3570 ἐγχωρίοιτ
890 3494 1043 3570 λαμπρῶ(
1066 3490 1291 3569 ἑξενίτθηεαν“.

154 3596 194 3662 Χ.
212 3596 304 3683 VIII,
323 3599 375 3682 22,
394 3598 450 3663 23:
474 3599 631 3677 ,ἐνταῦθα
654 3597 782 3676 ἔμειναν
797 3598 919 3684 ἡμέρας
938 3597 1019 3677 ἀμφὶ
1036 3597 1093 3662 τὰ(
1111 3596 1282 3676 τριάκοντα
1318 3648 1325 3660 .

293 3705 345 3769 καὶ
368 3706 519 3771 ἐδέξαντο
542 3707 619 3769 τοὺς
641 3704 798 3784 ’Ἑλληνατ
820 3704 871 3769 κοιλ
894 3706 981 3770 ξένια
1004 3703 1146 3769 ἔδοτανίί.

244 3808 367 3875 Deinde
404 3808 566 3895 Diodoro,
606 3810 669 3875 duo
711 3831 788 3875 sane
823 3808 1050 3895 Xenophontis
1090 3811 1259 3875 enuntiata
1294 3809 1329 3874 in

154 3938 255 3981 unum
278 3917 498 4001 contrahenti,
519 3916 600 3981 haee
624 3920 700 3981 sunt
723 3917 907 3982 communia
929 3939 1002 3982 cum
1023 3915 1252 4000 Xenophonte:

155 4021 194 4089 D.
223 4022 314 4088 edroi
342 4024 378 4088 δὲ
405 4028 451 4108 τῷ
478 4045 513 4088 τε
536 4023 685 4102 Ἡρακλεῖ
711 4024 763 4087 καὶ
785 4024 840 4088 Διὶ
868 4022 1011 4107 τωτηρίιρ
1039 4023 1148 4089 θυείαν
1176 4022 1329 4102 ἐποίηταν

289 4130 340 4195 καὶ
363 4131 515 4210 γυμνικὸν
538 4128 658 4207 ἀγῶνα.
869 4126 876 4139 “

228 4286 678 4356 munst-nunu

228 4374 714 4447 munst-rmum

227 4463 695 4534 mnne-nnat
