2954 4980
573 317 789 381 ,31-

95 478 299 544 simillimum
327 483 390 563 est,
422 477 547 561 Ephori
575 477 721 541 narratio
750 476 917 541 referenda
945 497 1014 540 esse
1041 474 1176 540 videtur.
1208 470 1270 538 ¹hc

94 607 137 648 ne
156 585 191 649 in
208 586 358 669 proxima
376 584 504 668 quidem
518 583 656 649 Diodori
673 583 870 667 narratione,
888 605 953 666 qua
970 581 1111 647 Graecos
1129 582 1270 667 primum

95 714 169 755 cum
201 691 320 756 Ariaeo
354 714 388 756 se
421 691 641 775 coniunxisse,
677 695 746 755 tum
778 712 850 754 curn
882 689 952 772 ipso
985 711 1062 774 rege
1095 689 1133 752 de
1165 688 1271 752 reditu

95 798 282 882 pactionem
305 798 430 883 fecisse,
454 798 590 882 denique
611 817 722 881 regem
741 797 823 860 hene
842 797 881 860 de
900 818 935 860 se
953 795 1088 860 meritos
1107 793 1269 859 benefieiis

96 928 230 970 ornasse
254 906 437 990 exponitur,
464 906 566 969 ullam
594 900 681 968 inter⁴
705 909 877 986 utrumque
905 902 1149 967 similitudinem
1172 902 1269 966 inter-

95 1011 207 1077 cedere
231 1017 376 1097 apparet.

187 1117 248 1183 Sed
278 1142 350 1184 cum
379 1143 480 1205 usque
509 1120 550 1185 ad
578 1142 648 1206 cap.
662 1120 705 1185 26
724 1119 780 1200 §6
809 1122 866 1184 aut
888 1139 1093 1202 nequaquam
1117 1120 1174 1180 aut
1195 1138 1269 1181 raro

97 1226 269 1290 verborum
293 1227 520 1291 similitudines
540 1231 677 1311 exstent,
701 1226 809 1292 subito
828 1226 901 1289 inde
922 1226 962 1289 ab
981 1224 1043 1288 hac
1061 1222 1268 1308 paragrapho

96 1355 149 1397 res
173 1337 205 1397 et
228 1335 327 1399 verba
349 1338 418 1398 tam
444 1338 630 1398 constanter
652 1334 737 1397 inter
760 1355 793 1397 se
816 1332 1013 1415 conspirant,
1036 1335 1074 1394 ut
1092 1330 1269 1395 Diodorum

98 1441 196 1505 etiam
224 1442 327 1526 ipsius
349 1441 575 1524 Xenophontis
602 1442 717 1525 libros,
744 1462 810 1505 non
838 1440 944 1503 solum
968 1438 1092 1522 Ephori
1116 1436 1270 1500 historias

97 1548 132 1612 in
149 1548 299 1612 manibus
318 1547 473 1626 habuisse
492 1547 795 1612 manifestissimum
814 1547 865 1611 sit.
900 1546 989 1622 Quae
1008 1546 1136 1630 quidem
1156 1543 1270 1609 simili-

96 1655 175 1719 tudo
200 1677 396 1739 quamquam
419 1677 486 1719 non
510 1655 662 1740 omnium,
686 1655 741 1739 qui
759 1654 939 1719 Diodorum
964 1675 1036 1717 oum
1054 1650 1269 1735 Xenophonte

96 1767 378 1847 comparaverunt,
410 1762 520 1827 oculos
548 1763 675 1848 effugit,
702 1767 812 1827 tamen
839 1783 905 1825 non
933 1782 984 1844 ea,
1016 1781 1079 1843 qua
1105 1781 1165 1842 par
1192 1761 1270 1842 erat,

97 1870 267 1955 diligentia
291 1870 396 1934 adhuc
419 1869 602 1933 examinata
626 1873 684 1934 est.

185 1975 271 2041 Nam
291 1999 363 2042 cum
383 1977 449 2060 alii,
472 1977 575 2040 veluti
594 1973 849 2061 Schenkeliusffl)
869 1978 957 2038 certa
976 1976 1176 2058 argumenta,
1200 1971 1270 2058 qui-

97 2085 157 2148 bus
181 2104 355 2148 consensus
379 2083 546 2167 utriusque
569 2083 737 2165 scriptoris
762 2082 980 2165 confirmetur,
1003 2079 1152 2163 indagari
1174 2100 1271 2163 posse

99 2191 279 2273 desperent,
299 2211 495 2273 quamquam
511 2190 617 2274 ipsum
632 2188 881 2272 Xenophontem
897 2211 917 2252 a
932 2188 1073 2251 Diodoro
1089 2185 1271 2250 adhibitum

98 2319 167 2361 esse
190 2297 398 2375 contendunt,
422 2296 487 2381 alii,
510 2296 545 2360 in
568 2296 684 2380 quihus
708 2299 760 2359 est
782 2291 1014 2380 Kruegerus²²)
1038 2298 1072 2358 et
1091 2289 1269 2377 Grotius23)

97 2405 265 2487 perpaucis
280 2403 360 2468 locis
375 2403 515 2488 vestigia
533 2402 682 2486 eruerint,
699 2439 736 2450 -
749 2401 1053 2486 Volquardsenium,
1068 2400 1124 2483 qui
1134 2400 1271 2463 multum

98 2511 133 2574 in
147 2510 283 2575 Diodori
302 2510 448 2574 fontibus
463 2510 701 2593 perscrutandis
716 2509 904 2592 elaboravit,
925 2507 1170 2590 discrepantiae,
1189 2527 1271 2589 quae

97 2618 181 2682 inter
199 2618 369 2682 nonnullos
388 2617 505 2681 horum
522 2618 718 2701 scriptorum
732 2618 820 2682 locos
840 2619 977 2699 exstant,
997 2615 1077 2678 adeo
1092 2614 1271 2695 moverunt,

98 2728 136 2788 ut
158 2725 259 2789 ullam
281 2724 367 2788 inter
389 2727 560 2807 utrumque
583 2723 780 2789 intercedere
803 2721 1074 2787 necessitudinem
1092 2715 1271 2805 prorsus24)

96 2835 239 2914 negaret.
276 2820 375 2894 Cuius
399 2831 462 2895 viri
485 2830 645 2895 sententia
668 2831 779 2895 multis
798 2830 936 2913 probata
956 2850 1053 2912 quarn
1072 2827 1115 2891 sit
1133 2826 1272 2910 infirma,

98 2939 235 3023 singulis
268 2937 417 3020 deinceps
450 2938 529 3003 locis
563 2938 722 3008 similibus
756 2937 951 3001 enumeratis
980 2935 1065 2999 infra
1091 2934 1272 2999 luculenter

98 3041 336 3110 demonstrabo

188 3153 391 3236 Quamquam
415 3153 652 3217 concedendum
676 3155 734 3235 est,
757 3172 822 3214 non
845 3151 879 3214 in
902 3151 1053 3214 omnibus
1076 3147 1271 3213 narrationis

170 3384 216 3452 21)
235 3382 411 3453 Xenophont.
427 3381 543 3437 Studien
561 3381 591 3435 in
610 3381 664 3435 den
678 3379 829 3435 Berichten
846 3379 896 3434 der
914 3378 1103 3434 kaiserlichen
1117 3377 1271 3433 Akadcmie

99 3491 133 3526 zu
152 3473 236 3527 Wien
255 3477 331 3527 1868.
368 3471 445 3527 Dicit
462 3473 529 3526 hoo:
547 3471 674 3542 Moglioh
693 3471 757 3526 dass
776 3470 903 3541 Ephorus
922 3469 972 3525 das
990 3469 1078 3524 Werk
1096 3468 1145 3520 des
1165 3467 1271 3537 Sopht-

98 3561 179 3614 netus
196 3560 327 3615 benutzte
345 3560 402 3614 und
422 3561 509 3615 daher
528 3560 573 3615 die
591 3559 808 3615 abweichenden
822 3559 959 3629 Angaben
977 3558 1006 3612 in
1023 3557 1073 3611 der
1087 3555 1272 3624 Schilderung

99 3648 148 3702 des
171 3649 260 3719 Zuges
282 3649 329 3704 bei
352 3649 458 3704 Diodor
477 3649 550 3718 XIV,
570 3654 617 3716 19,
636 3654 684 3719 31,
708 3648 758 3702 der
779 3647 913 3718 librigens
936 3648 1026 3702 neben
1048 3645 1176 3714 Ephorus
1199 3645 1270 3698 auch

99 3736 268 3807 Xenophon,
287 3737 437 3793 besonders
455 3739 485 3792 in
505 3739 554 3792 der
568 3737 729 3806 Katabasis,
747 3738 793 3791 ffir
812 3737 888 3791 seine
904 3735 1086 3803 Darstellung
1103 3734 1272 3789 verwerthet

99 3826 157 3879 hat.
194 3826 247 3880 Ein
264 3826 440 3881 bestimmter
457 3826 565 3882 Beweis
584 3826 651 3881 aber
668 3826 739 3880 lasst
757 3824 817 3878 sich
835 3822 941 3879 hierfiir
959 3823 1038 3876 nicht
1055 3821 1181 3892 bringeri.

170 3916 216 3984 22)
234 3916 391 3986 Kruegerus
417 3917 535 3970 annotat
563 3913 772 3985 (Histoi-phil.
793 3913 910 3968 Studien
932 3911 982 3966 Bd.
1002 3917 1031 3980 2,
1060 3928 1125 3982 pag.
1144 3914 1207 3980 269)
1235 3911 1271 3966 ad

99 4003 185 4060 verba
203 4004 395 4075 Xenophontis
413 4005 447 4074 V,
462 4011 487 4075 4,
502 4010 548 4059 34:
567 4005 693 4058 Τούτου(
710 4005 786 4072 (τοὺς
805 4001 1015 4069 Μοαυνοίκουε)
1035 4003 1131 4065 ἔλεγον
1149 4001 1176 4053 οἱ
1194 4017 1271 4067 (τρα-

98 4094 259 4160 reuersum
279 4112 301 4149 e.
317 4111 343 4162 q.
358 4112 378 4150 s.
417 4094 512 4162 „Quae
531 4094 568 4147 sd
594 4092 710 4148 verbum
733 4093 791 4146 fe're
810 4089 963 4144 Diodorum
980 4089 1150 4159 expressisse
1170 4093 1217 4157 14,
1236 4095 1270 4142 30

99 4200 133 4238 co
152 4183 242 4254 magis
259 4182 361 4236 mirum
380 4184 424 4236 cst
441 4197 496 4250 quo
515 4181 606 4236 minus
626 4181 695 4237 alibi
715 4179 857 4234 Anabasin
875 4176 1017 4248 respicit.“

170 4276 215 4342 23)
234 4273 268 4327 V.
287 4270 353 4340 Ba,
376 4271 509 4326 deutsche
528 4271 736 4339 Uebersetzung
754 4285 808 4324 von
826 4267 973 4331 Meissner‚
998 4272 1031 4320 69
1051 4284 1124 4335 cap,
1143 4283 1207 4336 pag.
1227 4271 1270 4335 89,

100 4362 181 4416 Anni.
201 4368 244 4416 93.

171 4449 381 4520 24)Pag.131.
