2954 4980
634 213 827 277 ,6-

147 395 202 439 eos
224 373 473 457 praeteriturum
496 371 613 458 fuisse,
636 373 829 458 praesertim
852 395 926 440 cum
949 371 1136 459 Ohirisophi
1159 377 1192 438 et
1214 372 1327 440 Abro-

146 500 258 545 comae
281 480 575 545 mercennariorum
602 481 759 546 adventus
782 480 904 546 diserta
925 480 988 546 hoc
1011 481 1083 547 loco
1106 481 1165 546 fiat
1187 481 1328 546 mentio.

145 586 316 652 Praeterea
348 589 457 652 autem
491 624 529 634 —
558 587 592 651 id
625 588 711 672 quod
738 607 935 672 magnopere
962 587 1171 671 premendum
1200 591 1252 652 est
1283 623 1325 636 -—

146 697 259 759 tantus
278 715 454 779 numerus,
482 699 640 780 quantum
662 695 859 760 Ritschelius
888 694 1070 779 constituit,
1097 695 1176 760 adeo
1205 696 1247 760 ab
1273 695 1328 779 iis,

148 822 229 886 quae
257 802 312 866 alii
340 802 513 886 scriptores
536 802 685 886 tradunt,
713 802 827 886 distat,
855 804 892 867 ut
915 801 1054 867 multum
1077 800 1116 865 de
1139 801 1327 867 verisimili-

147 909 259 974 tudine
292 910 361 974 eius
394 909 598 974 coniecturae
627 909 823 974 detrahatur.
872 905 959 974 Nam
987 930 1059 973 cum
1089 911 1123 972 et
1149 907 1327 994 Diodorus,

102 1004 104 1009 ¹
147 1017 237 1081 cuius
261 1016 299 1080 de
319 1014 397 1100 Cyri
421 1015 624 1101 expeditione
642 1015 786 1080 narratio
806 1015 915 1100 aliqua
934 1036 974 1080 ex
995 1017 1089 1100 parte
1108 1035 1125 1078 e
1144 1011 1325 1102 Oresiae14)

148 1123 389 1188 commentariis
413 1122 531 1187 hausta
553 1122 681 1187 videtur
704 1144 788 1207 esse,
816 1144 975 1188 summam
998 1122 1100 1187 totius
1124 1120 1327 1188 Graecorum

148 1229 307 1295 exercitus
338 1228 493 1294 tredecim
525 1227 651 1293 milium
676 1228 776 1294 fuisse
805 1226 936 1316 dicat15)
966 1232 999 1293 et
1025 1228 1233 1314 Plutarchus,
1267 1231 1326 1314 qui

149 1336 217 1401 sine
256 1334 354 1401 dubio
386 1335 492 1420 ipsam
523 1335 750 1420 Xenophontis
783 1333 953 1400 Anabasin
984 1335 1126 1419 inspexit
1158 1338 1191 1400 et
1222 1338 1325 1402 semel

149 1442 248 1506 etiam
268 1441 418 1524 scriptori
436 1444 549 1507 nostro
564 1439 799 1529 adversatusffi)
814 1444 872 1525 est,
890 1442 988 1527 paulo
1004 1442 1102 1507 etiam
1116 1443 1275 1508 minorem
1282 1441 1323 1529 17)

149 1571 248 1634 quam
270 1546 432 1614 Diodorus
460 1569 631 1613 numerum
653 1548 783 1633 prodat,
810 1548 958 1613 Frontini
982 1551 1089 1613 autem
1113 1549 1199 1634 quod
1220 1549 1325 1615 fertur

147 1656 371 1722 testimonium
378 1652 427 1740 18),
446 1655 501 1740 qui
522 1677 561 1720 ex
580 1654 838 1740 quattuordecim
856 1655 988 1721 milibus
1002 1654 1112 1721 decem
1131 1656 1223 1722 milia
1239 1658 1324 1722 redi-

148 1765 213 1829 isse
246 1765 491 1846 commemorat,
527 1762 580 1827 vix
611 1763 683 1846 plus
716 1763 838 1847 valeat,
878 1785 974 1848 quam
1007 1762 1129 1828 lustini
1140 1761 1178 1850 19)
1213 1764 1323 1830 decem

149 1873 277 1935 tantum
303 1870 393 1935 milia
415 1869 626 1954 numerantis,
644 1869 858 1934 Ritschelium
875 1891 978 1955 paene
998 1871 1180 1954 quindecim
1199 1873 1325 1937 milium

149 1977 323 2043 exercitum
347 1974 472 2061 (12400
488 1978 527 2058 -1-
545 1974 648 2059 2500)
669 1979 865 2043 statuentem
884 1977 1016 2043 modum
1035 1979 1209 2044 excessisse
1228 1979 1324 2046 facile

147 2090 207 2170 pat
225 2087 248 2150 t.

238 2192 441 2276 Quamquam
469 2191 532 2256 hoc
560 2213 620 2275 pro
649 2195 737 2257 certo
767 2192 925 2258 affirmari
947 2214 1043 2277 posse
1067 2192 1206 2277 videtur,
1237 2215 1324 2258 exer-

149 2299 249 2364 citum
277 2297 474 2363 Graecorum
502 2298 537 2362 in
565 2298 680 2363 itinere
707 2298 859 2364 adversus
888 2319 998 2384 regem
1020 2297 1233 2365 Artaxerxem
1256 2323 1325 2367 non

150 2409 219 2470 tam
238 2404 440 2469 deminutum
463 2425 546 2488 esse,
567 2405 600 2469 id
621 2404 707 2489 quod
722 2403 901 2492 Grotius²⁰)
917 2406 1071 2491 defendit,
1091 2407 1214 2493 morbo,
1236 2408 1325 2494 fuga,

150 2513 223 2579 aliis
253 2512 359 2578 causis
388 2533 460 2576 eum
489 2509 738 2598 attenuatumffl)
768 2533 838 2577 esse
866 2513 1018 2596 opinatus
1050 2535 1146 2598 quam
1176 2518 1324 2600 auctum3

150 2622 274 2686 nullum
305 2619 391 2684 enim
421 2621 496 2685 ante
523 2641 669 2706 pugnam
697 2618 926 2684 detrimentum
949 2624 1231 2705 commemoratur,
1260 2623 1326 2688 nisi

223 2831 267 2898 14)
287 2828 318 2884 Ο.
337 2829 495 2897 Kaemmel‚
515 2829 609 2884 Kritik
628 2829 677 2886 der
695 2830 838 2899 Berichte‚
856 2830 1021 2902 Philologus
1039 2831 1165 2901 XXXIV,
1183 2851 1247 2904 pag.
1263 2838 1325 2888 529.

222 2920 265 2986 15)
284 2917 422 2973 Diodorus
440 2916 514 2987 XIV,
535 2923 576 2986 19,
595 2924 611 2972 6
630 2919 659 2971 et
678 2923 701 2974 7.

222 3010 265 3077 16)
284 3007 357 3062 Plnt.
377 3007 472 3060 Artox.
494 3012 536 3075 13,
556 3011 599 3062 25.
743 2995 744 2999 ¹

222 3098 266 3166 17)
285 3096 358 3151 Plnt.
377 3095 473 3150 Artox.
493 3101 519 3163 6,
535 3101 570 3150 30
589 3096 744 3164 ,,“Ελλήνων
763 3097 916 3165 τριεχιλίων
936 3100 981 3152 καὶ
1001 3098 1106 3166 μυρίων
1125 3095 1327 3156 ἀποδέονταειῗ

222 3188 266 3255 18)
285 3183 413 3240 Frontini
431 3183 507 3254 quod
524 3185 613 3240 fertur
631 3186 823 3241 testimonium
839 3220 870 3226 —
885 3205 951 3243 nam
967 3191 1097 3258 quartum
1115 3188 1219 3243 librum
1238 3189 1325 3260 scrip-

150 3273 205 3329 tori
219 3273 272 3343 ipsi
285 3290 343 3327 non
356 3289 417 3328 esse
431 3273 641 3328 attribuendum
651 3275 678 3328 C.
690 3275 930 3345 Wachsmuthius,
944 3277 1118 3332 Rhein.Mus.
1126 3276 1187 3346 XV,
1196 3296 1262 3348 pag.
1273 3285 1327 3334 574

150 3361 354 3418 demonstravit
368 3393 399 3402 -
416 3361 504 3418 tradit
521 3362 569 3433 IV,
584 3369 609 3431 2,
625 3369 649 3430 7,
664 3369 680 3417 8
700 3364 783 3418 haec:
802 3365 844 3432 „A
859 3365 1085 3432 quattuordecim
1099 3366 1225 3421 millibus
1240 3368 1326 3422 Grae-

151 3468 259 3520 corum,
283 3450 332 3521 qui
353 3467 485 3506 numerus
508 3450 538 3506 in
556 3450 666 3507 auxiliis
686 3451 751 3522 Cyri
769 3451 902 3507 adversus
921 3452 1103 3508 Artaxerxem
1121 3454 1188 3523 fuit,
1212 3458 1326 3511 centum

150 3541 242 3596 millia
264 3541 446 3596 barbarorum
468 3540 576 3611 proelio
600 3541 727 3611 superati
749 3542 820 3596 sunt.
857 3542 962 3597 Eadem
986 3541 1156 3598 Graecorum
1179 3546 1325 3612 quattuor-

152 3629 243 3686 decim
265 3629 368 3697 millia‚
392 3630 500 3700 proelio
525 3631 635 3686 amissis
654 3630 783 3701 ducibus,
807 3630 915 3685 reditus
939 3631 982 3686 sui
1005 3649 1072 3688 cura
1090 3632 1139 3688 uni
1157 3650 1191 3688 ex
1210 3650 1325 3704 corpore

151 3737 201 3776 suo
224 3718 405 3789 Xenophonti
422 3717 590 3775 Atheniensi
613 3719 794 3788 demandata,
820 3719 989 3790 periniqua
1012 3722 1041 3776 et
1063 3721 1162 3792 ignota
1183 3722 1258 3792 loca,
1281 3722 1324 3777 in-

151 3807 273 3862 columia
290 3822 402 3862 reversa
420 3809 512 3863 sunt.“

223 3896 267 3964 19)
285 3895 318 3950 In
340 3895 406 3950 libri
429 3895 521 3965 quinti
543 3913 605 3967 cap.
624 3896 733 3952 ultimo.
769 3897 823 3953 Hic
846 3915 992 3954 nnmerum
1016 3897 1201 3966 Graecorum,
1224 3900 1272 3967 qni
1295 3900 1325 3954 in

150 3984 273 4054 patriam
291 3984 441 4054 redierunt,
459 3984 489 4039 in
507 3985 600 4041 animo
618 3985 748 4041 habuisse
766 3987 885 4043 videtur.

223 4076 269 4143 20)
287 4073 386 4141 Grote,
406 4072 453 4128 IX.
467 4071 518 4127 Bd.
533 4074 581 4130 des
595 4074 748 4146 Originals3
768 4075 802 4132 V.
817 4077 867 4133 Bd.
883 4076 932 4131 der
950 4075 1103 4131 deutschen
1117 4075 1325 4148 Uebersetxnng

151 4178 206 4217 von
224 4160 367 4231 Meissner,
387 4166 420 4216 69
440 4178 500 4231 cap.
520 4167 552 4216 31
572 4180 636 4233 pag.

150 4336 163 4390 1
222 4253 269 4320 21)
296 4251 335 4306 At
360 4267 507 4305 numerum
539 4251 662 4307 militurn
693 4253 746 4308 lev.
775 4270 845 4310 arm.
873 4252 1000 4308 ducentis
1033 4254 1236 4326 amplificatum
1264 4272 1325 4311 esse

162 4337 284 4407 egimus!
