2954 4980
701 331 919 396 -’46...

220 489 260 554 D.
294 489 527 571 (υμφυγόντων
550 489 639 555 δὲ
610 512 656 555 ει(
679 514 708 556 τι
731 491 860 571 χωρίον.

218 594 258 661 X
291 596 334 661 25
357 598 546 664 ἐνταῦθα<
519 619 549 663 οι
572 599 653 664 πολέ
655 619 719 679 μιοι
742 598 823 678 δμοῦ
847 599 886 677 δὴ
910 595 1028 662 πάντε(
1051 596 1231 676 γενόμενοι

220 703 259 767 D.
292 709 435 784 (υνεχεῑε
458 705 638 786 προεβολὰ(
662 705 876 785 ποιηεάμενοι

218 809 900 893 Xfflmwwwdfflm.

218 916 258 982 D.
290 919 327 983 ἐν
350 918 377 1002 ᾧ
400 920 451 984 καὶ
474 919 493 983 δ
518 922 662 1000 βααλεὺ(
685 920 792 985 αὐτῶν
818 920 952 1003 κατῴκει
975 919 1034 984 τὸν
1057 917 1266 999 ὑψηλότατον
1289 917 1394 985 τόπον

354 1025 447 1105 ἔχων.

220 1131 259 1196 Χ
291 1132 334 1196 26
366 1132 385 1196 ὁ
412 1135 448 1197 δὲ
478 1136 620 1215 βαειλεὺ(
649 1134 756 1200 αὐτῶν
784 1133 803 1198 ὁ
830 1135 867 1199 ἐν
893 1133 942 1217 τῷ
973 1132 1100 1212 μό((υνι
1132 1137 1179 1218 τῷ
1210 1131 1266 1200 ἐπ’
1295 1131 1396 1213 ἄκρου

354 1240 597 1325 ᾠκοδομημένῳ.

221 1343 260 1408 D.
292 1344 366 1410 έθο(
389 1345 423 1410 δ’
445 1347 512 1427 έχει
535 1347 669 1427 πάτριον
693 1349 799 1428 μένειν
823 1347 859 1413 ἐν
882 1347 970 1432 αὐτῷ
993 1348 1051 1413 τὸν
1074 1345 1181 1412 πάντα
1205 1337 1283 1428 βίον.

220 1450 260 1516 X.
291 1453 330 1516 ὃν
353 1455 504 1534 τρέφοντι
527 1454 644 1521 πάντε(
668 1462 758 1541 κοινῇ
782 1455 882 1521 αὐτοῦ
905 1457 1044 1538 μένοντα
1066 1456 1117 1519 καί
1140 1453 1359 1535 φυλάττοντα.

311 1558 398 1634 Quos
439 1565 547 1627 autem
587 1585 694 1628 mores
733 1563 811 1629 solis
848 1564 889 1628 iis
926 1562 1161 1647 Mossynoecis,
1202 1561 1396 1646 quibuscum

222 1663 337 1730 Graeci
369 1668 545 1734 amicitiam
577 1669 751 1755 foedusque
778 1671 946 1756 fecissent,
977 1671 1078 1735 fuisse
1104 1668 1289 1753 Xenophon
1320 1665 1397 1730 inde

222 1793 241 1834 a
269 1773 351 1849 §32
379 1781 521 1861 enarrat,
554 1798 608 1842 eos
641 1778 790 1842 omnibus
822 1775 1043 1861 Mossynoecis
1071 1773 1235 1839 Diodorus
1266 1772 1397 1837 tribuit

220 1877 266 1942 Et
288 1881 416 1966 singula
439 1883 568 1967 quidem
592 1883 714 1967 optime
737 1884 824 1948 inter
846 1905 880 1948 se
904 1882 1119 1966 congruentia
1139 1881 1220 1944 haec
1244 1881 1336 1945 sunt:

221 1984 261 2050 D.
295 1989 543 2068 βαρβαρώτατον
571 1988 604 2054 δ’
631 1989 756 2071 έφαεαν
784 1991 815 2055 οί
843 1993 1029 2069 (τρατιῶται
1052 1992 1149 2053 τοῦτο
1172 1987 1397 2066 διεληλυθέναι

354 2096 393 2161 τὸ
416 2096 517 2162 ἔθνοε.

220 2199 259 2265 Χ.
292 2201 335 2265 24
356 2203 492 2267 τούτου(
511 2203 626 2281 ἔλεγον
641 2205 672 2269 οί
687 2203 949 2284 (τρατευ(ἁμενοι
964 2202 1231 2284 βαρβαρωτάτου(
1244 2204 1396 2266 διελθεῖν.

220 2306 260 2372 Ι).
292 2309 344 2372 καὶ
366 2314 436 2374 ταί(
459 2312 517 2390 μὲν
540 2312 683 2388 γυναιξὶν
706 2312 824 2375 αὐτοὺ(
846 2309 1028 2390 πληειάζειν
1056 2307 1210 2374 ἁπάντων
1229 2307 1397 2387 ὁρώντων.

148 2416 153 2430 ‘
220 2411 259 2478 X.
291 2416 334 2479 33
362 2418 495 2496 ἐζήτουν
524 2419 559 2481 δὲ
587 2419 638 2482 καί
665 2418 804 2498 ἑταίραι(
831 2417 869 2481 ἃ(
898 2418 980 2498 ἦγον
1008 2417 1038 2481 οἱ
1060 2416 1212 2495 Ἕλληνε(
1239 2415 1398 2494 έμφανιῖι(

353 2523 579 2602 (υγγίγνεεθαι.

221 2627 259 2692 D.
291 2629 375 2693 Τοὺ(
394 2630 429 2693 δὲ
448 2635 565 2695 παῖδα(
584 2634 650 2696 τῶν
669 2629 918 2695 πλουειωτάτων
938 2631 1108 2710 τρέφεεθαι
1122 2627 1251 2707 καρύοι(
1269 2626 1397 2708 ἑφθοί(

220 2733 259 2798 Χ.
292 2736 516 2802 ἐπεδείκνυεαν
550 2736 660 2802 αὐτοί(
688 2741 806 2801 παῖδα(
834 2741 899 2802 τῶν
928 2734 1129 2816 εὐδαιμόνων
1157 2735 1317 2800 (ιτευτοὺε
1343 2756 1396 2800 τε·

353 2844 552 2921 τραμμένου(
574 2843 703 2922 καρύαι(
726 2843 849 2923 ἑφθοί(

219 2945 260 3010 D.
292 2945 492 3011 ἅπαντα(δ’
519 2947 554 3012 ἐκ
576 2949 691 3012 παιδὸ(
714 2950 853 3029 (τίγμαει
872 2947 930 3014 τόν
954 2970 990 3012 τε
1013 2951 1119 3013 νῶτον
1147 2947 1264 3013 καὶτὰ
1296 2950 1397 3029 (τήθη

352 3053 642 3120 καταπεποικίλθαι.

219 3160 258 3227 Χ.
290 3160 333 3225 32
357 3161 521 3231 ποικίλου(
549 3163 584 3226 δὲ
612 3162 653 3227 τὰ
675 3165 764 3228 νῶτα
786 3164 837 3228 καὶ
859 3163 900 3228 τὰ
922 3163 1100 3243 ἔμπροεθεν
1123 3161 1229 3229 πάντα
1252 3162 1396 3244 ἐετιγμέ-

352 3290 429 3334 νου(
452 3268 593 3349 ἀνθέμια.

309 3375 434 3455 Quibus
457 3397 496 3439 ex
518 3375 614 3440 rebus
638 3376 743 3441 denuo
767 3377 914 3462 intellegi
932 3399 1028 3460 posse
1049 3375 1204 3460 arbitror,
1228 3375 1396 3460 quomodo

219 3484 381 3549 Diodorus
399 3482 512 3547 multis
533 3485 617 3548 certe
641 3482 720 3547 locis
743 3482 916 3548 historiam
935 3481 1162 3567 composuerit.
1197 3481 1285 3548 Nam
1306 3483 1397 3566 quod

90 3666 98 3677 ι
219 3593 348 3655 tantum
371 3591 481 3674 abest,
504 3593 541 3653 ut
564 3589 604 3653 ad
627 3590 762 3654 verbum
785 3592 949 3654 auctorem
973 3589 1193 3674 exscripserit,
1216 3592 1253 3653 ut
1275 3611 1315 3653 ns
1340 3611 1394 3654 or·

220 3697 326 3762 dinem
354 3696 482 3780 quidem
510 3717 617 3759 rerum
648 3694 821 3780 diligenter
849 3696 1040 3780 servaverit,
1068 3695 1142 3759 inde
1170 3717 1251 3779 quae
1278 3716 1394 3760 narra-

219 3802 308 3867 tione
331 3803 473 3887 perlecta
496 3801 654 3866 memoria
677 3801 858 3885 retinuerit,
881 3802 1007 3868 ratione
1031 3801 1170 3886 quadam
1193 3799 1395 3884 disposuisse

219 3915 253 3974 et
280 3911 486 3995 descripsisse
515 3931 588 3974 eum
617 3910 762 3993 apparet.
813 3906 970 3972 Similiter
1000 3911 1097 3992 atque
1128 3930 1147 3972 a
1174 3906 1394 3991 Xenophonte

218 4016 312 4082 initio
331 4016 436 4100 capti
460 4017 530 4095 ,διὰ
551 4016 668 4095 ταύτη(
687 4020 743 4095 τῆ(
761 4015 868 4095 χώρα(
889 4014 921 4079 οί
938 4013 1091 4093 Ἕλληνε(
1115 4064 1121 4077 .
1141 4064 1148 4078 .
1172 4015 1394 4094 ἐπορεύθη(αν

219 4123 304 4188 ὀκτὼ
324 4124 505 4204 (ταθμούείί,
528 4123 675 4208 pergitur
694 4145 713 4186 a
730 4121 875 4187 Diodoro
894 4122 1030 4201 ,,ταύτην
1048 4123 1106 4201 μὲν
1125 4121 1184 4186 οὖν
1202 4124 1261 4200 τὴν
1280 4122 1394 4202 χώραν

219 4231 256 4295 ἐν
278 4231 408 4310 ἡμέραι(
431 4230 515 4294 ὀκτὼ
539 4227 815 4309 διεπορεύθηεανίί.

310 4336 400 4412 Quod
420 4337 609 4419 insequente
633 4336 738 4420 capite
758 4335 919 4400 Diodorus
937 4333 1186 4419 quinquaginta,
1207 4332 1394 4419 Xenophon

220 4441 261 4527 V,
279 4442 350 4528 5‚5
377 4442 595 4528 quadraginta
624 4443 764 4527 quinque
796 4442 863 4506 dies
891 4440 1032 4506 Graecos
1061 4439 1221 4525 Cotyorac
1249 4462 1393 4507 commo·
