2954 4980
574 333 791 410 ε2Ι-

97 489 202 574 beret,
241 513 458 577 quaecumque
495 493 536 556 ab
568 496 706 577 utroque
737 493 796 559 illo
828 494 1002 558 Persarum
1036 499 1180 581 satrape,
1216 498 1271 581 qui

101 597 262 662 artissime
286 599 370 662 inter
393 622 427 664 se
451 599 614 664 coniuncti
636 603 720 685 sunt,
745 600 881 685 singulis
901 601 982 666 locis
1001 601 1179 685 separatim
1198 627 1270 670 con·
1379 669 1381 673 .

97 703 184 768 fecta
211 726 280 769 esse
309 710 491 790 acceperat,
523 708 727 772 commiscuit
755 712 787 772 et
814 708 849 772 in
876 731 974 773 unam
993 711 1170 795 'tamquam
1193 711 1272 776 ima·

99 811 207 897 ginem
235 813 407 877 contraxit.
452 813 546 878 Unde
573 814 697 879 facturn
724 819 787 900 est,
815 819 852 879 ut
880 816 914 879 in
942 817 1097 881 memoria
1120 818 1188 882 eius
1211 840 1271 901 pro

98 918 223 982 duobus
248 941 331 984 unus
355 924 522 1005 tamquam
546 922 688 986 omnium
712 945 821 986 rerum
844 926 956 987 auctor
980 922 1140 988 evaderet.
1185 922 1292 989 Nam

98 1025 179 1091 adeo
198 1049 271 1090 eunr
288 1029 435 1093 verItatis
455 1030 680 1114 neglegentem
698 1029 808 1113 fuisse,
832 1033 868 1094 nt
888 1031 991 1095 solam
1008 1035 1142 1114 propter
1159 1029 1271 1114 fugam

97 1132 219 1197 laboris
240 1135 383 1220 singulas
403 1135 552 1219 deinceps
572 1158 623 1200 res
644 1136 684 1200 ab
703 1141 841 1221 utroque
861 1141 971 1220 gestas
991 1160 1140 1202 enarrare
1158 1139 1271 1222 nollet,
1294 1167 1296 1171 ⁴

99 1238 162 1306 hoc
185 1242 376 1306 contendere
398 1265 465 1308 non
488 1243 597 1307 audeo
637 1242 726 1328 Ergo
749 1243 807 1307 illa
830 1244 957 1309 ratione
980 1245 1103 1310 facturn
1128 1267 1197 1309 esse
1221 1268 1271 1310 su-

100 1346 215 1431 spicor,
233 1351 271 1413 ut
286 1349 396 1414 omnia
411 1371 459 1433 ea,
478 1370 560 1433 quae
580 1349 798 1434 aThucydide
818 1354 851 1414 et
869 1350 1085 1436 Xenophonte
1105 1353 1144 1416 ad
1164 1351 1271 1416 Tissa-

98 1454 254 1538 phernem
285 1456 483 1541 referuntur,
514 1479 533 1520 a
560 1455 704 1521 Diodoro
737 1459 925 1522 constanter
956 1458 996 1522 ad
1024 1459 1271 1523 Pharnabazum

97 1561 356 1627 transferrentur.
392 1563 507 1647 Itaque
525 1564 608 1628 falso
629 1564 729 1627 etiam
748 1563 824 1627 libri
842 1562 922 1629 XIII
944 1587 1013 1648 cap.
1028 1565 1080 1650 36,
1095 1567 1147 1649 37,
1162 1566 1213 1649 38,
1227 1567 1271 1630 42

98 1672 131 1733 et
156 1669 191 1733 in
219 1670 283 1733 fine
311 1670 428 1753 eapitis
451 1672 494 1735 46
517 1693 636 1748 nomen
659 1670 860 1735 Pharnabazi
888 1672 1054 1755 proditum
1082 1672 1271 1737 Invenimus.

97 1775 257 1841 Contra
247 1798 316 1841 rure
339 1776 544 1842 Pharnabazi
575 1778 697 1842 mentio
726 1779 764 1841 fit
787 1778 862 1842 libri
886 1778 966 1842 XIII
990 1801 1059 1863 cap.
1077 1779 1130 1862 40,
1149 1778 1201 1863 45,
1219 1780 1272 1861 46,

97 1888 241 1949 extrema
272 1884 477 1969 paragrapho
512 1887 653 1969 except.
703 1883 754 1948 Ex
787 1884 903 1968 quibus
937 1886 1106 1950 omnibus
1119 1885 1244 1951 Iocis
1234 1907 1272 1971 rs,

98 2014 192 2075 quern
213 1993 355 2056 extremo
375 1992 510 2057 locot
466 1997 510 2056 crt
512 1992 573 2074 avi,
592 1992 731 2056 maxime
750 1992 972 2057 memorabilis
992 1993 1154 2058 rationem
1172 1993 1272 2077 illam,

98 2119 162 2181 qua
184 2096 363 2161 Diodorum
392 2098 428 2162 in
457 2099 517 2162 hac
540 2120 575 2163 re
604 2121 698 2162 usum
721 2119 791 2161 esse
815 2097 889 2182 dixi,
913 2099 1036 2183 optime
1060 2100 1271 2182 comprobare

97 2203 232 2268 videtur.
276 2201 363 2269 Nam
391 2228 463 2289 curn
490 2205 694 2271 Pharnabazi
721 2226 838 2269 nomen
868 2207 973 2270 solum
1001 2207 1035 2270 in
1064 2207 1173 2272 animo
1203 2208 1270 2272 eius

98 2312 191 2395 quasi
213 2313 346 2377 infixum
370 2313 532 2397 haereret,
562 2312 790 2397 Tissaphernis
813 2312 875 2376 iter
898 2313 933 2376 in
955 2312 1206 2398 Hellespontum
1230 2315 1270 2379 ad

98 2419 224 2484 animos
246 2418 576 2485 Lacedaemoniorum
604 2417 888 2506 reconciliandos4)
912 2425 1112 2507 susceptum,
1140 2422 1271 2486 nomine

97 2527 237 2610 satrapis
264 2529 391 2592 mutato
420 2549 494 2592 cunr
522 2529 577 2592 filo
606 2528 707 2592 totius
735 2527 930 2592 narrationis
959 2528 1007 2592 ita
1030 2517 1209 2613 contexuit,
1235 2534 1272 2592 ut

96 2632 342 2699 Pharnabazum
380 2657 417 2699 eo
456 2635 591 2700 consilio
629 2635 758 2699 fortiter
791 2637 905 2698 contra
937 2636 1152 2700 Athenienses
1186 2636 1270 2720 apud

97 2739 281 2827 Abydum⁵)
313 2746 514 2827 pugnantem
547 2743 682 2826 faceret,
714 2745 752 2805 ut
784 2741 823 2807 de
850 2741 1052 2827 criminibus,
1085 2736 1167 2827 duae
1195 2766 1268 2810 vere

97 2847 306 2931 Tissapherni
333 2848 454 2912 bellurn
487 2849 600 2914 ducere
633 2847 776 2932 cupienti
805 2870 825 2911 a
851 2844 1114 2934 Lacedaemoniis
1143 2851 1270 2916 obiecta

98 2941 189 3039 sunt,
214 2954 283 3038 ipse
308 2976 341 3020 se
364 2960 529 3042 purgaret.
575 2955 645 3020 Iam
668 2977 740 3019 cunr
764 2976 804 3018 ne
827 2956 861 3019 in
885 2956 998 3020 ceteris
1024 2957 1152 3040 quidem
1174 2958 1270 3022 huius

96 3060 173 3125 libri
200 3061 361 3146 capitibus
385 3060 615 3146 Tissaphernis
645 3082 764 3126 nomen
792 3064 955 3146 occurrat,
982 3066 1068 3127 recte
1093 3067 1202 3128 autem
1225 3065 1271 3128 in-

98 3167 259 3251 sequentis
283 3166 359 3232 libri
381 3165 489 3255 (XIV)
514 3191 582 3253 cap.
604 3172 642 3233 ll
668 3168 897 3232 Pharnabazus
922 3173 1206 3255 commemoretur,
1230 3172 1269 3235 ad

97 3270 223 3359 queml)
237 3275 345 3357 locum
358 3274 563 3342 Pharnabazi
581 3298 700 3341 nomen
715 3275 820 3359 capite
835 3276 877 3340 22
892 3275 977 3341 falso
993 3277 1116 3342 editum
1131 3278 1271 3343 maxime

97 3383 244 3464 spectare
263 3381 398 3464 videtur,
416 3383 502 3466 quod
520 3383 651 3447 tandem
671 3384 705 3447 in
722 3383 794 3467 ipsa
807 3403 918 3467 pugna
932 3383 985 3468 23,
1001 3386 1019 3448 7
1036 3383 1270 3468 Tissaphernes

96 3507 162 3551 non
194 3490 232 3551 ut
263 3487 314 3553 vir
344 3488 432 3553 fama
464 3489 606 3554 celebrat
592 3493 645 3554 tus
674 3494 730 3554 aut
759 3489 893 3554 summis
926 3490 1102 3556 honoribus
1136 3494 1271 3556 ornatus

101 3592 197 3656 -id
221 3593 306 3678 quod
329 3593 646 3679 Volquardsenius
636 3595 755 3661 miuria
778 3617 893 3680 exspec
893 3598 1009 3660 t—at
1034 3596 1090 3661 sed
1112 3598 1149 3660 ut
1172 3596 1269 3662 horno

95 3720 199 3764 novus
221 3697 314 3784 (ἀνὴρ
333 3699 554 3789 l'le'pcnclant
556 3704 708 3768 coculos
726 3703 849 3789 legent
839 3726 906 3767 rum
925 3702 1128 3788 proponitur,
1151 3703 1270 3767 mirum

97 3826 167 3868 esse
190 3828 256 3870 non
278 3809 395 3890 potest.
440 3805 554 3892 Neque
579 3831 653 3874 vero
677 3831 746 3893 cap.
765 3809 853 3893 26,4
877 3814 909 3875 et
931 3809 1019 3895 35,2
1043 3810 1090 3874 ita
1113 3810 1269 3893 scriptum

97 3914 161 3997 est,
188 3915 225 3977 ut
253 3913 319 3977 ianr
348 3914 426 3979 olim
454 3915 706 4000 Tissaphernem
732 3917 858 4001 Ionicas
886 3916 983 3981 urbes
1011 3917 1045 3982 in
1073 3914 1269 4003 potestatel)

168 4105 195 4175 4)
214 4104 257 4160 De
275 4124 330 4175 quo
348 4106 413 4162 vide
432 4108 556 4178 Thucyd.
576 4109 651 4179 VIII,
670 4115 729 4165 109.

168 4198 194 4263 5)
214 4194 316 4250 Confer
334 4195 477 4252 Plutarchi
495 4198 670 4254 Alcibiadem
689 4205 736 4268 27,
756 4205 772 4254 3
791 4200 820 4253 et
837 4199 965 4268 Xenoph.
986 4198 1133 4254 Helleniea
1151 4200 1176 4268 Ι,
1196 4204 1225 4268 1,
1244 4207 1269 4256 6.

169 4287 196 4353 6)
213 4283 355 4354 Imprimis
370 4302 471 4340 causae
486 4287 522 4341 ab
532 4286 645 4357 Ephoro
659 4287 689 4342 in
698 4289 751 4344 hoc
766 4287 859 4358 capite
874 4288 979 4343 allatae
989 4287 1181 4357 respiciendae
1196 4293 1269 4345 sunt.

170 4374 196 4440 7)
170 4373 315 4428 7ΟοηΙοτ
333 4374 481 4444 Xenoph.
501 4375 682 4432 Helleniea
699 4377 748 4446 ΙΙΙ,
765 4383 788 4447 1,
803 4384 831 4431 3:
852 4379 910 4432 ἐπεὶ
927 4379 1113 4446 Τιεεαφέρνηε
1131 4380 1270 4446 εατράπηε

96 4463 278 4531 κατεπέμφθη
298 4463 384 4518 ὧντε
403 4464 488 4518 αὐτὸ(
504 4466 623 4532 apoteca
641 4468 709 4534 ἦρχε
728 4468 773 4520 καὶ
792 4467 833 4521 ὧν
852 4467 939 4534 Κῦρος
957 4470 1013 4522 κτλ.
1051 4468 1152 4522 Anab.
1172 4468 1193 4538 Ι,
1205 4473 1228 4536 1,
1239 4475 1264 4521 6:
