2954 4980
623 312 841 376 „41-

149 471 190 537 X.
205 470 248 536 25
276 474 425 552 ,,φε’ροικι
449 472 587 551 λίθουε“,
616 471 722 558 spolia
745 476 933 538 consecrata
955 472 995 537 D.
1020 477 1135 553 ,,εκῦλα
1158 477 1224 538 τῶν
1248 477 1321 554 βαρ-

151 577 260 660 βάρων
283 577 468 655 άνέθεεαν“;
493 579 535 666 X.
557 579 758 660 ,,άνετίθεεαν
781 579 821 645 τά
845 579 1031 660 αἰχμάλωτα
1054 579 1184 660 γέρραόί,
1209 580 1323 646 duoem

150 686 224 751 viae
246 687 399 770 praemiis
424 686 563 771 acceptis
587 687 626 751 D.
646 686 783 768 ,,φιάλην
803 686 945 767 ἀργυρᾶν
964 688 1015 751 καὶ
1034 688 1149 765 ετολὴν
1167 689 1324 767 Περεικὴν

151 793 384 875 ἐδωρήεαντοόός
408 792 446 858 X.
461 793 503 858 27
520 798 635 880 ὐδῶρα
654 794 766 859 δόντες
785 792 850 858 άπὸ
874 789 984 858 κοινόῦ
1006 794 1108 859 ἵππον
1130 794 1181 858 καὶ
1204 794 1324 874 φιάλην

150 898 294 980 ἀργυρᾶν
316 901 367 965 καὶ
391 903 503 980 (κευὴν
521 902 696 981 Περεικήνκ
720 901 888 965 dimissum
912 923 982 965 esse
1002 901 1189 985 explicatur.
1231 901 1323 977 Quod

150 1007 273 1071 factum
298 1029 366 1071 esse
390 1006 508 1072 diserte
532 1008 670 1071 refertur
694 1009 735 1073 ab
759 1010 895 1092 utroque
923 1012 1097 1092 postquam
1121 1030 1184 1092 qua
1206 1008 1260 1072 via
1283 1009 1324 1073 ad

145 1134 250 1199 *agros
273 1113 461 1178 Macronum
484 1116 691 1198 pervenirent
714 1115 836 1180 docuit:

150 1221 190 1285 D.
214 1221 267 1301 „dc
290 1221 394 1288 δείξαι
419 1221 527 1287 αὐτοῑε
550 1225 608 1302 τὴν
631 1223 684 1286 ἐπὶ
708 1221 888 1302 Μάκρωνα(
912 1222 991 1288 ὁδὸν
1015 1220 1214 1303 άπηλλάγη“;

149 1325 189 1393 X
208 1327 264 1412 IV,
285 1330 313 1411 7,
328 1330 369 1394 27
394 1329 521 1408 ,γκώμην
549 1330 584 1392 δὲ
614 1329 718 1395 δείξαι
745 1327 784 1392 οὗ
813 1332 995 1409 (κηνήεουει
1024 1331 1075 1394 καὶ
1097 1331 1157 1407 τὴν
1181 1327 1260 1393 ὁδόν
1283 1332 1323 1409 ἣν

285 1436 497 1515 πορεύωνται
521 1435 565 1500 εἰ(
590 1435 770 1514 Μάκρωνα(
789 1487 795 1499 .
816 1488 822 1500 .
843 1437 946 1519 ᾤχετο
971 1435 1102 1501 ἀπιών“.

240 1540 310 1607 Iam
337 1543 389 1607 his
417 1543 512 1607 rebus
541 1543 737 1626 comparatis
765 1546 869 1608 restat
896 1546 933 1608 ut
962 1543 1001 1607 de
1024 1542 1159 1608 Diodori
1187 1542 1325 1626 quodam

151 1648 187 1713 in
218 1649 279 1714 hac
316 1649 500 1713 narratione
532 1650 613 1714 vitio
646 1671 748 1733 pauca
780 1650 880 1713 verba
910 1650 1077 1714 faciamus.
1132 1647 1219 1713 Nam
1252 1671 1324 1713 curn

150 1756 243 1821 initio
272 1777 401 1840 paragr.
428 1755 543 1820 tertiae
570 1755 642 1820 viae
668 1757 763 1821 duces
787 1755 920 1822 Graecis
945 1756 1120 1821 attributos
1143 1778 1213 1820 esse
1241 1777 1326 1820 com-

151 1863 323 1946 periamus,
341 1863 523 1946 insequenti
542 1884 670 1948 paragr.
686 1866 815 1946 praeter
834 1864 1105 1948 exspectationem
1123 1863 1218 1927 unius
1236 1863 1325 1928 ducis

151 1969 275 2034 mentio
294 1968 433 2033 inicitur.
470 1967 558 2044 Quae
577 1969 705 2052 quidem
725 1970 941 2054 repugnantia
955 1992 1061 2034 rerum
1076 1971 1123 2035 ita
1137 1970 1326 2054 explicanda

151 2097 221 2140 esse
248 2076 388 2159 videtur,
420 2079 457 2139 ut
484 2073 663 2141 Diodorum
694 2079 751 2140 aut
779 2099 905 2140 summa
932 2077 1138 2162 neglegentia
1166 2076 1326 2141 scribendi

150 2205 244 2248 usum
273 2172 357 2264 esse,
386 2185 442 2245 aut
471 2181 573 2246 altero
597 2183 656 2262 §3
685 2182 775 2246 fonte
804 2181 950 2246 adhibito
975 2183 1193 2247 antecedentis
1215 2204 1326 2247 narra-

150 2290 250 2355 tionis
277 2289 498 2354 immemorem
525 2289 599 2353 inde
623 2311 642 2352 a
665 2289 724 2369 §4
747 2292 854 2352 totum
877 2288 918 2352 ad
941 2288 1190 2374 Xenophontem
1215 2310 1248 2352 se
1271 2311 1325 2372 ap-

151 2397 290 2481 plicasse
313 2400 502 2462 statuamus.

242 2502 344 2579 Quem
376 2504 449 2568 inde
478 2525 498 2567 a
526 2502 586 2584 §5
614 2506 646 2566 et
673 2503 708 2567 in
736 2526 804 2588 cap.
828 2505 871 2569 30
899 2527 965 2570 non
993 2505 1098 2569 solum
1126 2503 1326 2587 primarium,

152 2610 209 2674 sed
227 2631 327 2673 unum
346 2610 458 2673 ducem
472 2608 635 2674 Diodorus
653 2610 701 2674 ita
715 2610 869 2695 sequitur,
888 2614 925 2674 ut
939 2614 1118 2675 memoratu
1133 2610 1326 2694 dignissima

152 2716 269 2781 leviter
292 2719 449 2798 excerpat.
487 2714 701 2780 Cumulantur
725 2716 811 2781 enim
834 2720 902 2781 tam
926 2717 1090 2781 evidenter
1114 2721 1146 2780 et
1167 2738 1273 2780 rerum
1294 2719 1326 2780 et

152 2823 323 2890 verborum
354 2821 580 2886 similitudines
609 2843 669 2886 nec
697 2845 771 2888 raro
796 2823 975 2888 sententiae
998 2827 1067 2887 tam
1091 2827 1160 2887 arte
1183 2823 1268 2888 inter
1292 2845 1325 2888 se

152 2949 290 2994 conexae
315 2930 398 3008 sunt,
424 2931 461 2991 ut
484 2928 539 3010 qui
561 2928 740 2994 Diodorum
764 2953 803 2995 ex
822 2929 948 3013 Ephori
971 2930 1073 3013 libris,
1096 2952 1159 3000 non
1185 2952 1223 2994 ex
1245 2930 1326 3013 ipsis

151 3035 377 3120 Xenophontis
397 3036 506 3101 omnia
525 3059 565 3101 ea
581 3037 737 3121 petivisse
757 3038 962 3121 contendant,
983 3060 1094 3102 eorum
1114 3038 1198 3102 oculi
1217 3035 1325 3100 obtusi

103 3202 109 3214 .
153 3166 224 3208 esse
255 3143 434 3208 videantur.
483 3143 528 3208 Et
560 3144 688 3228 singula
719 3145 849 3228 quidem
875 3144 954 3208 haec
986 3147 1070 3208 sunt.
1120 3143 1169 3207 De
1197 3143 1325 3207 foedere

153 3251 237 3315 inter
251 3249 392 3314 Graecos
411 3254 444 3314 et
461 3251 631 3316 Macrones
655 3252 720 3316 icto
743 3252 803 3316 hos
823 3253 912 3316 locos
931 3252 1016 3315 inter
1036 3273 1069 3315 se
1088 3272 1327 3334 comparemus:

152 3356 192 3420 D.
215 3356 310 3436 πρὸ(
328 3356 430 3420 πίετιν
463 3358 551 3437 παρὰ
584 3358 642 3436 μὲν
670 3357 801 3422 ἐκείνων
829 3356 951 3436 λόγχην
978 3356 1097 3438 ἔλαβον
1127 3358 1325 3438 βαρβαρικήν,

285 3462 376 3528 αὐτοὶ
399 3461 428 3526 δ’
450 3462 634 3542 Ἑλληνικὴν
657 3462 790 3529 ἔδωκαν.

152 3569 191 3635 Χ.
209 3569 258 3635 Ν
263 3621 270 3653 ,
290 3571 323 3652 8,
344 3571 361 3634 7
388 3569 535 3650 [ἠρώτων
563 3571 680 3635 ἐκεῖνοι
708 3571 735 3636 εἰ
759 3575 849 3636 δοῖεν
872 3570 912 3636 άν
936 3571 1074 3651 τούτων]
1099 3572 1139 3635 τά
1162 3568 1262 3634 πιετά.
1295 3569 1327 3632 o‘r

287 3674 320 3738 o'
347 3674 472 3755 ἔφαεαν
499 3676 551 3739 καὶ
578 3680 691 3740 δοῦναι
718 3677 769 3740 καὶ
797 3680 909 3757 λαβεῖν
936 3679 1068 3743 ἐθέλειν.
1105 3679 1256 3742 ἐντεῦθεν
1281 3680 1325 3739 δι-

287 3780 396 3847 δόαειν
419 3781 450 3847 οἱ
475 3780 651 3861 Μάκρωνες
676 3785 867 3864 βαρβαρικὴν
890 3783 1012 3864 λόγχην
1030 3789 1099 3849 τοῖς
1117 3783 1271 3862 Ἕλληειν,
1295 3782 1356 3856 οἱ,

287 3890 323 3953 δὲ
345 3888 498 3969 Ἕλληνες
522 3889 655 3954 ἐκείνοιε
677 3889 870 3970 Ἑλληνικήν.

242 3993 311 4073 Nee
338 3998 448 4059 tamen
476 4016 602 4079 semper
625 3995 787 4060 Diodorus
815 4019 911 4079 quam
940 3996 1179 4081 augustissimis
1207 3994 1326 4059 finibus

152 4101 377 4186 Xenophontis
396 4102 616 4167 narrationem
635 4103 879 4184 circumscribit,
902 4103 957 4166 sed
976 4104 1138 4168 interdum
1156 4124 1207 4166 res
1226 4103 1326 4167 etiam

153 4208 295 4273 minutas
324 4212 459 4274 exornat
484 4212 517 4274 et
541 4205 769 4294 amplificatdl)
815 4206 867 4275 Sic
890 4210 990 4275 verba
1013 4210 1069 4272 illa
1090 4208 1327 4292 Xenophontea

225 4439 270 4506 37)
291 4435 426 4491 Similiter
442 4435 497 4490 hoc
515 4437 690 4493 demonstrat
708 4436 835 4494 Holmius
854 4436 883 4492 in
901 4437 1053 4492 Plutarcho
1071 4453 1136 4507 pag.
1156 4440 1217 4490 364.
