2954 4980
719 1132 750 1216 I.

234 1307 287 1379 De
314 1255 480 1379 numeris
507 1305 671 1377 militurn
698 1306 737 1376 in
765 1306 928 1378 Anabasi
956 1305 988 1391 Ι,
1007 1308 1043 1392 2,
1062 1308 1098 1394 9;
1126 1309 1158 1391 7,
1178 1306 1234 1394 10;
1341 1362 1343 1364 ,

345 1429 406 1517 IV,
425 1433 462 1518 8,
482 1431 538 1518 15;
567 1429 609 1516 V,
631 1431 670 1516 3,
689 1431 724 1517 3;
753 1426 819 1517 Vr,
838 1431 875 1518 2,
894 1431 937 1501 16
964 1429 1125 1502 traditis.

238 1750 362 1815 Maiore
390 1748 529 1832 quadam
558 1747 727 1831 diligentia
755 1751 788 1811 et
814 1748 1056 1831 perseverantia
1084 1748 1264 1833 quicunque
1289 1750 1323 1814 in

148 1881 256 1922 rerum
280 1856 491 1941 scriptoribus
515 1856 659 1919 criticam
683 1859 786 1919 artem
809 1856 964 1938 exercuit,
988 1877 1060 1919 eum
1083 1877 1150 1920 non
1172 1857 1323 1941 effiagisse

149 1967 303 2043 arbitror,
337 1967 465 2028 tantum
496 1963 622 2045 abesse,
654 1965 692 2025 ut
724 1962 795 2026 sola
827 1985 865 2026 ea
897 1963 1032 2046 scripta,
1064 1984 1200 2046 quorum
1230 1963 1323 2028 intel·

150 2071 253 2135 lectus
272 2072 323 2134 vel
342 2092 448 2134 rerum
472 2068 524 2133 vel
547 2068 702 2132 sermonis
727 2066 971 2131 difficultatibus
995 2069 1203 2153 impediatur,
1226 2069 1324 2133 inter-

149 2178 372 2260 polationibus
401 2180 434 2239 et
463 2174 730 2259 explicationibus
757 2174 823 2237 sint
847 2174 1081 2258 contaminata,
1108 2179 1145 2239 ut
1168 2177 1267 2241 etiarn
1290 2177 1325 2240 in

151 2283 193 2345 iis
211 2283 313 2366 libris,
331 2283 387 2367 qui
400 2281 554 2347 facillime
568 2280 812 2365 intelleguntur,
831 2281 932 2345 libido
948 2281 1154 2346 librariorum
1169 2282 1326 2348 effrenata

152 2389 300 2471 grassata
324 2389 375 2452 sit.
420 2386 512 2463 Quod
536 2387 696 2471 imprimis
721 2388 807 2451 valet
829 2387 868 2451 de
891 2387 1117 2471 Xenophontis
1140 2390 1246 2470 libris,
1270 2389 1325 2475 qui

151 2516 224 2558 cum
256 2515 372 2579 genere
401 2493 527 2559 dicendi
555 2498 691 2559 utantur
717 2494 873 2559 facillimo
903 2498 936 2558 et
963 2495 1217 2581 simplicissimo,
1250 2496 1325 2560 scri-

150 2602 265 2666 barum
293 2605 402 2666 tamen
430 2602 525 2686 nugis
555 2604 588 2665 et
614 2601 910 2667 halucinationibus
938 2601 1024 2666 haud
1051 2623 1125 2666 raro
1152 2601 1326 2666 deformati
1387 2607 1391 2616 '

151 2712 234 2771 sunt.
276 2706 391 2771 Cobeti
415 2708 501 2771 enim
525 2708 655 2792 eiusque
680 2706 910 2793 discipulorum
932 2708 1053 2772 rationi
1077 2709 1223 2792 quamvis
1248 2709 1325 2774 asti-

151 2815 257 2897 pulari
284 2815 338 2879 vix
360 2814 537 2899 possimus²
565 2815 599 2878 in
621 2814 684 2879 hoc
707 2836 772 2879 uno
796 2836 908 2879 verum
932 2836 986 2880 eos
1010 2815 1128 2879 vidisse
1151 2814 1233 2878 mihi
1254 2836 1326 2898 per-

152 2943 284 2984 suasum
313 2923 375 3005 est,
404 2920 490 3005 quod
511 2920 740 3006 Xenophontis
767 2925 955 2988 contextum
979 2925 1012 2986 et
1035 2920 1159 2985 mendis
1183 2924 1218 2985 et
1237 2921 1326 2985 addi-

151 3028 306 3091 tamentis
328 3027 426 3091 etiam
444 3049 531 3091 nunc
551 3028 714 3091 abundare
735 3029 944 3094 arbitrantur.
980 3028 1065 3093 Nam
1084 3028 1139 3111 qni
1159 3031 1233 3093 ante
1252 3027 1325 3092 illos

152 3133 378 3218 Xenophontis
406 3133 499 3197 libris
529 3135 563 3197 in
589 3135 751 3217 integrum
774 3135 984 3200 restituendis
1008 3156 1139 3218 operam
1162 3133 1327 3220 impende-

153 3240 234 3304 bant
261 3241 323 3305 viri
352 3240 453 3324 docti,
480 3240 519 3304 de
548 3241 855 3324 interpolationibus
880 3246 936 3306 aut
958 3243 1041 3307 nihil
1063 3243 1160 3327 plane
1185 3242 1326 3326 suspica-

152 3349 271 3411 bantur
303 3351 359 3411 aut
392 3369 515 3432 eorum,
549 3370 631 3432 quae
665 3371 684 3411 a
712 3348 854 3413 librariis
882 3348 1004 3413 inserta
1032 3370 1103 3414 csse
1130 3370 1216 3414 nunc
1242 3350 1328 3412 inter

153 3472 264 3516 omnes
288 3457 424 3537 constat,
447 3454 577 3519 fortiter
599 3454 817 3538 patrocinium
838 3457 1067 3540 suscipiebant.
1103 3455 1155 3520 Ita
1173 3460 1210 3520 ut
1227 3478 1327 3519 unum
1424 3523 1431 3532 ,

153 3560 298 3643 afferam,
321 3556 542 3646 Kruegerus¹)
565 3560 741 3645 impetrare
765 3584 784 3625 a
808 3584 841 3627 se
865 3584 930 3627 non
952 3563 1074 3647 potuit,
1101 3567 1138 3627 ut
1160 3558 1327 3646 Usserio²)

152 3665 333 3751 plauderet,
361 3666 415 3750 qui
440 3667 614 3750 superioris
638 3668 835 3733 narrationis
858 3669 1080 3753 repetitiones,
1108 3690 1190 3752 quae
1217 3669 1326 3753 singu·

153 3773 257 3836 lorum
281 3771 444 3837 Anabasis
467 3773 624 3838 librorum
653 3774 755 3839 initiis
779 3778 921 3859 exstant,
946 3774 1177 3859 interpolatori
1200 3774 1328 3838 cuidam

153 3879 224 3941 iure
246 3879 369 3943 tribuit.
415 3879 595 3964 Postquam
618 3884 727 3945 autern
750 3881 813 3945 viri
837 3882 924 3947 docti
947 3882 988 3947 ad
1014 3885 1202 3947 contextum
1224 3881 1328 3945 Xeno

154 3984 287 4069 phontis
302 3987 483 4051 accuratius
493 3987 762 4071 perscrutandum
772 3992 805 4052 et
814 3988 1076 4073 investigandum
1086 3988 1234 4074 aggressi
1244 3990 1329 4071 sunt,

227 4218 253 4285 1)
272 4216 314 4270 De
333 4215 479 4270 authentia
497 4217 527 4271 et
543 4215 707 4286 integritate
726 4217 815 4272 Anab.
835 4218 962 4288 Xenoph.
982 4222 1060 4286 1825,
1078 4235 1143 4288 pag.
1165 4223 1224 4273 128.

227 4308 254 4375 2)
273 4305 365 4360 Iacob.
389 4304 494 4358 Usserii
523 4305 622 4362 Annal.
651 4309 736 4362 veter.
764 4309 794 4361 et
820 4307 886 4362 novi
913 4307 1084 4363 testamenti.
1114 4306 1229 4361 ¹Gener.
1252 4311 1329 4372 1722,

154 4410 219 4462 pag.
240 4399 299 4447 126.

208 4492 230 4532 N
231 4502 334 4532 nnnnnnn
1101 4492 1113 4536 1
