2954 4980
591 321 806 386 -35-

114 505 189 547 eum
211 482 325 564 fuisse,
348 485 385 546 ut
403 481 427 545 ii
446 481 632 566 opinantur,
656 481 712 565 qui
735 480 817 544 nihil
841 484 1007 544 curantem
1031 483 1064 544 et
1086 479 1286 564 cogitantem

114 589 296 654 Diodorum
320 589 360 654 ad
384 588 528 673 quemvis
553 592 718 653 auctorem
743 589 782 652 ad
805 587 948 653 verbum'
969 588 1213 653 exscribendum
1237 569 1309 652 act

115 697 250 762 cessisse
278 694 485 759 contendunt.
535 693 639 759 Immo
669 695 804 758 arbitrio
838 717 897 760 suo
924 717 975 760 res
1008 695 1104 759 modo
1134 696 1286 779 breviter,

114 803 209 866 modo
239 802 370 866 uberius
394 801 541 886 exponit,
571 801 652 865 alias
677 801 806 866 silentio
831 802 998 885 praeterit,
1027 800 1121 885 alias,
1150 823 1286 886 quarum

113 912 265 975 eventum
292 908 374 972 bene
403 909 479 993 scit,
505 907 686 992 posteriore
713 911 860 992 tempore
883 907 1065 973 accuratius
1092 928 1126 970 se
1151 908 1287 992 explica-

112 1020 221 1080 turum
245 1037 315 1082 esse
339 1014 511 1098 promittit.

202 1122 326 1198 Quibus
346 1122 502 1207 expositis
522 1122 563 1187 ad
582 1122 673 1206 illud,
696 1123 781 1206 quod
800 1122 895 1186 nobis
913 1121 1116 1206 propesitum
1136 1125 1194 1206 est,
1217 1122 1287 1186 red-

113 1251 231 1294 eamus.
269 1227 316 1293 Ut
335 1229 421 1293 enim
440 1230 573 1295 omnino
595 1230 739 1295 nondum
764 1230 1020 1293 demonstratum
1043 1232 1138 1314 puto,
1161 1249 1287 1313 semper

113 1339 188 1401 nno'
208 1335 367 1421 scriptore
395 1337 597 1420 maximeque
620 1336 754 1419 Ephoro
777 1335 957 1401 Diodorum
984 1357 1078 1400 usum
1107 1358 1176 1401 esse
1204 1336 1287 1401 eius-

114 1464 174 1526 que
199 1443 327 1527 singula
350 1442 417 1506 fere
440 1443 541 1508 verba
563 1444 597 1507 in
615 1466 709 1508 usum
729 1465 823 1507 suum
843 1443 1053 1526 convertisse,
1077 1443 1123 1506 sic
1145 1443 1186 1507 iis
1206 1465 1286 1527 quae

114 1550 179 1613 iam
204 1550 424 1635 explicaturus
449 1572 529 1632 snm,
552 1549 636 1613 hanc
656 1550 851 1614 sententiam
870 1548 956 1612 haud
976 1548 1182 1614 mediocriter
1200 1548 1287 1613 debi-

112 1655 241 1721 litatum
265 1656 306 1721 iri
330 1679 435 1741 spero.
481 1657 666 1740 Antequam
691 1661 799 1721 autem
824 1657 863 1720 ad
887 1679 959 1721 eam
981 1657 1178 1722 testimoniis
1202 1657 1286 1721 refu-

112 1764 247 1827 tandam
275 1763 461 1849 aggrediar,
488 1763 551 1828 hoc
577 1763 788 1847 respiciamus
816 1763 927 1848 velim,
957 1763 1063 1828 multa
1090 1763 1123 1827 in
1151 1762 1286 1828 Diodori

112 1870 296 1934 narratione
323 1893 383 1936 neo
410 1892 515 1954 pauca
541 1871 575 1936 in
605 1893 643 1935 ea
670 1874 777 1955 parte,
806 1871 844 1935 de
873 1894 937 1955 qua
965 1872 1137 1936 tractaturi
1166 1892 1285 1954 sumus,

112 1975 264 2059 inveniri,
296 2000 378 2063 quae
406 1978 615 2043 vehementer
646 1979 731 2043 inter
764 2000 798 2042 se
830 1982 983 2063 pugnent.
1035 1978 1124 2055 Quae
1156 1977 1285 2062 quidem

112 2081 208 2146 facile
232 2085 459 2167 expediuntur,
488 2085 516 2149 si
543 2085 721 2149 Diodorum
749 2085 864 2148 leviter
890 2086 994 2147 totam
1019 2082 1188 2147 Anabasin
1215 2107 1286 2167 per-

113 2193 308 2274 currentem,
336 2213 408 2255 cum
437 2213 505 2257 non
531 2193 578 2256 ita
607 2190 749 2256 auctoris
772 2189 914 2275 vestigia
935 2194 1098 2273 premeret
1127 2193 1164 2254 ut
1187 2192 1284 2275 vulgo

113 2297 266 2381 creditur,
289 2297 368 2361 haec
387 2299 439 2362 vel
457 2298 516 2361 illa
535 2319 650 2381 parum
670 2319 797 2361 curasse
817 2295 1047 2361 contendimus.
1084 2297 1138 2361 An
1152 2296 1285 2381 Ephoro

113 2403 177 2488 ipsi
200 2403 316 2468 menda
338 2404 395 2468 illa
418 2404 548 2469 crimini
571 2404 677 2468 danda
701 2425 770 2467 esse
794 2402 967 2468 videntur?

203 2496 265 2587 Sed
292 2511 409 2575 dixerit
435 2512 574 2575 fortasse
603 2511 777 2595 quispiam,
804 2533 871 2574 non
897 2531 967 2574 esse
994 2510 1183 2593 verisimile,
1210 2509 1286 2575 Dio·

114 2602 242 2700 dorum,
270 2617 300 2680 si
327 2639 362 2681 re
389 2639 466 2682 vera
492 2616 720 2702 Xenophontis
744 2615 888 2681 Anabasi
917 2616 952 2679 in
979 2616 1040 2681 hac
1068 2617 1285 2682 bibliothecae

113 2728 207 2809 parte
234 2746 294 2809 pro
321 2723 530 2789 fundamento
559 2746 636 2788 usus
665 2726 764 2807 esset,
793 2744 834 2787 ne
863 2723 962 2786 semel
987 2723 1114 2805 quidem
1143 2723 1285 2788 nominis
1312 2744 1318 2753 ’

113 2832 196 2916 eius,
229 2832 348 2916 quippe
381 2832 436 2915 qni
468 2832 590 2915 primas
619 2835 729 2914 partes
756 2831 792 2894 in
819 2831 924 2896 reditu
948 2829 1144 2894 Graecorum
1173 2830 1286 2915 egerit,

113 2939 310 3003 mentionem
339 2938 500 3002 facturum
533 2938 642 3002 fuisse.
693 2937 739 3002 At
772 2960 845 3002 cum
877 2937 996 3001 mirum
1027 2958 1093 3001 non
1123 2936 1168 3001 sit
1199 2936 1285 3020 quod

114 3046 254 3131 scriptor
276 3045 393 3109 harum
417 3066 524 3109 rerum
551 3044 641 3108 nullo
665 3045 737 3108 loeo
751 3043 892 3126 citatur,
913 3064 954 3106 ne
979 3043 1136 3107 eiusmodi
1156 3043 1284 3126 quidem

115 3152 276 3216 dubitatio
301 3150 476 3236 quidquam
499 3151 588 3216 valet
611 3151 695 3233 quod
714 3149 939 3232 Xenophontis
962 3148 997 3212 in
1016 3149 1156 3213 exercitu
1176 3147 1298 3213 aucto-¹

113 3258 194 3324 ritas
219 3259 259 3324 ab
283 3257 355 3342 ipso
379 3258 510 3322 omnino
534 3255 666 3321 silentio
689 3256 864 3340 obtegitur.
899 3253 986 3320 Nam
1009 3255 1071 3320 hoc
1094 3255 1163 3320 sine
1187 3255 1285 3320 dubio

113 3348 165 3429 err¹
186 3367 258 3430 tota
293 3365 415 3429 reditus
450 3363 645 3429 Graecorum
678 3361 894 3446 descriptione
926 3367 1075 3447 apparet,
1107 3361 1286 3427 Diodorum

113 3472 148 3537 in
183 3494 235 3537 res
274 3493 294 3536 a
330 3469 462 3536 Graecis
505 3471 669 3554 praeclare
710 3472 820 3554 gestas
856 3469 953 3552 plane
991 3469 1116 3534 nullam
1153 3490 1285 3553 operam

114 3579 290 3644 contulisse
326 3578 382 3643 sed
418 3580 547 3642 tantum
584 3577 622 3640 de
660 3576 749 3640 cultu
786 3579 819 3639 et
856 3575 1000 3639 moribus
1036 3596 1147 3639 eorum
1183 3596 1286 3658 popu-

113 3685 233 3769 lorum,
261 3706 341 3768 quos
365 3683 481 3748 Graeci
508 3684 676 3748 redeuntes
699 3681 894 3766 attigerunt,
922 3703 1004 3764 quae
1027 3681 1166 3744 maxime
1189 3681 1288 3765 digna

114 3795 207 3855 erant
228 3794 422 3875 memoratu,
444 3790 549 3855 literis
573 3790 753 3854 mandasse.
795 3787 885 3863 Quae
908 3809 980 3852 cum
1005 3788 1053 3851 ita
1076 3787 1156 3872 sint,
1182 3786 1286 3871 ipsius

112 3896 338 3982 Xenophontis
374 3896 647 3962 commemorandi
682 3895 861 3960 necessitas
892 3895 981 3959 nulla
1011 3893 1152 3958 Diodoro
1184 3893 1285 3977 impo-

112 4004 177 4069 sita
199 4007 278 4069 erat.

30 4096 34 4101 ¹
204 4109 267 4175 Sed
285 4110 473 4176 accedamus
497 4111 539 4174 ad
562 4111 634 4195 ipsa
656 4110 823 4193 utriusque
848 4107 1018 4192 scriptoris
1038 4107 1139 4172 verba
1158 4128 1285 4190 compa·

113 4216 223 4282 rande.
268 4215 376 4302 Atque
403 4218 510 4302 prima
539 4218 668 4301 quidem
696 4216 867 4300 perspicua
895 4213 1116 4279 similitudinis
1148 4212 1287 4297 vestigia

115 4325 257 4389 eruimus
275 4323 350 4388 inde
369 4347 389 4389 a
407 4324 543 4389 Diodori
567 4346 635 4407 cap.
650 4324 692 4388 26
716 4322 786 4407 ξὸ,
809 4323 863 4406 qui
887 4323 977 4387 locus
1002 4319 1212 4385 conferendus
1236 4322 1286 4383 est

114 4454 186 4497 cum
209 4430 354 4515 Xenoph.
377 4430 420 4515 ll,
438 4431 468 4515 5,
483 4432 535 4495 30.
572 4430 649 4514 Ipsa
672 4428 773 4493 verba
796 4431 887 4494 sunt:

1036 4533 1072 4584 3*
