2954 4980
702 304 918 368 „42-

223 468 342 547 ,,ταῡτα
365 463 426 543 γὰρ
450 463 575 545 ἔφαεαν
594 464 687 529 πιετὰ
706 461 805 530 εἷναι“
824 463 886 530 λου
905 463 1001 529 modo
1021 486 1041 529 a
1057 463 1203 531 Diodoro
1222 467 1397 550 nugentur:

224 576 342 653 ,ταῦτα
356 571 417 652 γὰρ
432 571 557 652 ἔφαεαν
570 570 680 637 αὑτοῑε
695 570 726 636 οἱ
738 569 890 652 βάρβαροι
903 571 957 637 διὰ
970 569 1145 651 προγόνων
1157 571 1397 652 παραδεδόεθαι

224 679 305 758 πρὸ(
319 678 421 744 πίετιν
436 679 651 761 βεβαιόταταίί.
679 676 787 764 Atque
803 678 888 743 idem
902 678 1039 745 Diodori
1053 678 1196 744 studium
1208 679 1397 765 insequente

224 787 329 871 eapite
349 787 462 870 elucet,
481 809 543 872 qno
563 792 644 872 q'nae
660 784 790 852 Graeois
809 787 906 852 melle
920 788 1051 873 gustato
1071 785 1248 851 aooiderint
1260 787 1397 872 plerum·

222 914 283 977 que
315 893 478 978 copiosius
511 897 709 959 enarrantur.
761 891 844 959 Sunt
876 898 984 959 antam
1016 893 1097 959 haee
1129 891 1215 959 inter
1248 915 1284 959 se
1314 915 1396 960 eom-

222 999 382 1084 paranda:
401 999 440 1066 D.
454 1000 631 1082 ,εὑρίεκετο
647 1002 682 1065 δὲ
697 1001 748 1064 καὶ
763 1003 860 1082 εμήνη
876 1003 1049 1082 παμπληθῆ
1069 999 1142 1081 περὶ
1159 1001 1237 1067 τοὺ(
1251 999 1397 1067 τόπουε“.

221 1105 260 1172 Χ.
279 1106 336 1192 IV,
356 1108 446 1187 8,19
454 1107 600 1187 ι,,τάόὲ
625 1109 723 1187 (μήνη
747 1107 854 1173 πολλὰ
876 1108 917 1189 ἦν
940 1107 1077 1173 αὐτόθι“.

222 1214 261 1279 D.
285 1214 362 1282 ἐξ
342 1236 389 1280 ων
412 1218 572 1295 πολυτελῆ
594 1215 813 1294 προςεφέρετο
832 1214 932 1294 κηρία.
963 1212 1137 1280 τούτωνδ’
1154 1212 1186 1279 οἱ
1208 1211 1398 1295 γευεάμενοι

293 1405 296 1411 μ
355 1320 532 1404 παραλόγῳ
556 1321 765 1399 περιέπιπτον
789 1319 1005 1401 ευμπτιίιματι·
1028 1320 1060 1386 οἱ
1081 1321 1142 1400 γὰρ
1161 1320 1397 1403 μεταλαβόντες

357 1428 465 1492 αὐτῶν
488 1426 630 1508 ἄφρονε(
654 1427 832 1505 ἐγίγνοντο.

222 1534 260 1599 Χ.
278 1534 336 1620 IV,
355 1537 384 1619 8,
403 1535 460 1599 20:
497 1536 548 1599 καὶ
583 1537 650 1600 τῶν
686 1534 804 1614 κηρίων
836 1532 905 1600 beor
937 1534 1064 1615 ἔφαγον
1096 1537 1163 1599 τῶν
1195 1538 1396 1616 ετρατιωτιίιν

355 1642 473 1708 πάντεε
496 1640 639 1722 ἄφρονέε
661 1663 696 1706 τε
720 1640 876 1719 ἐγίνοντο.

220 1750 260 1815 D.
280 1750 330 1816 καί
349 1751 520 1816 πίπτοντεε
539 1751 592 1816 ἐπὶ
609 1752 668 1831 τὴν
688 1755 748 1831 γῆν
767 1748 872 1830 ὅμοιοι
888 1753 957 1816 τοῑε
970 1748 1257 1830 τετελευτηκόειν(
1242 1755 1397 1830 υπῆρχον.

221 1856 261 1922 Χ
279 1859 333 1922 20:
357 1859 427 1942 ,καὶ
445 1857 542 1937 όρθόε
560 1857 666 1923 οὐδεὶτ
685 1857 821 1923 ἐδύνατο
840 1857 989 1938 ίεταεθαι,
1012 1856 1084 1922 ἀλλ’
1102 1857 1237 1937 οίμν.
1251 1857 1396 1941 ..·έῴκε

355 1984 443 2029 εαν.
482 1964 603 2029 ,οἶδὲ
627 1964 678 2028 καί
701 1961 977 2044 ἀποθνήεκουεινίί.

221 2073 324 2138 Porro
353 2013 484 2137 exhibet
505 2069 546 2136 D.
569 2072 603 2156 2,
632 2074 764 2137 πολλῶν
789 2072 824 2135 δὲ
845 2070 1020 2151 φαγόντων
1044 2071 1111 2152 [διὰ
1132 2073 1191 2152 τὴν
1214 2072 1396 2152 γλυκύτητα

353 2183 409 2259 τῆε
432 2177 668 2259 ἀπολαύεεωε],
696 2179 777 2257 ταχὺ
800 2179 838 2242 τὸ
862 2182 984 2258 πλῆθοε
1004 2177 1153 2261 ἐγεγόνει
1175 2181 1242 2243 τῶν
1266 2200 1396 2245 πεπτω-

356 2286 461 2352 κότων
483 2285 584 2350 οἱονεὶ
606 2290 727 2365 τροπῆε
751 2286 802 2365 [έν
826 2287 971 2369 πολέμῳ]
995 2287 1217 2366 γεγενημένηε.

220 2394 261 2459 Χ.
284 2396 336 2459 21.
360 2393 481 2458 ἔκειντο
506 2393 541 2457 u
565 2392 651 2457 οὕτω
675 2394 791 2458 πολλοὶ
815 2392 921 2472 ὥεπερ
943 2399 1064 2474 τροπῆε
1087 2395 1312 2474 γεγενημένηε.
1351 2438 1361 2460 .

221 2501 261 2566 D.
279 2501 404 2580 ἐκείνην
423 2502 480 2580 μὲν
500 2499 560 2565 οὖν
578 2501 636 2578 τὴν
658 2500 778 2578 ἡμέραν
797 2499 954 2579 ἠθύμητεν
972 2501 992 2580 ἡ
1012 2500 1152 2580 δύναμις,
1170 2504 1396 2581 καταπεπληγ-

355 2608 433 2688 μένη
449 2657 455 2670 .
471 2657 499 2671 ..

222 2715 261 2780 Χ.
285 2715 335 2780 καὶ
359 2716 463 2793 πολλὴ
487 2715 527 2795 ἦν
550 2713 674 2795 ἀθυμία.

222 2821 260 2886 D.
288 2828 326 2906 τῇ
354 2819 383 2885 δ’
410 2821 557 2904 ὑετεραίᾳ
585 2823 657 2901 περὶ
683 2823 742 2902 τὴν
766 2820 865 2900 αὐτὴν
889 2820 978 2901 ὥραν
1001 2820 1141 2886 ἅπαντεε
1164 2820 1299 2886 ἑαυτούε
1322 2818 1398 2887 ἀνε-

356 2927 521 3008 λάμβανον
553 2929 603 2992 καὶ
635 2927 703 2993 κατ’
730 2928 843 3005 ὀλίγον
871 2926 1091 3008 ἀνακτώμενοι
1117 2928 1156 2993 τὸ
1179 2931 1317 3008 φρονεῖν
1341 2926 1397 2994 ἀν-

357 3036 489 3115 έετηεαν
516 3036 568 3099 καὶ
594 3036 633 3099 τὸ
662 3037 749 3115 εῶμα
773 3017 953 3101 οιετέθεεαν
977 3035 1095 3114 ὁμοίωε
1117 3040 1186 3100 rote
1209 3036 1245 3100 ἐκ
1267 3056 1397 3116 φαρμα-

355 3142 506 3208 κοποείαε
533 3146 739 3207 διαεωθεῑειν.
775 3141 820 3207 ὼε
843 3140 873 3206 δ’
895 3140 1055 3222 ἀνέλαβον
1078 3141 1214 3207 ἑαυτοὺς
1237 3142 1274 3208 ἐν
1296 3143 1398 3222 τριεὶν

354 3251 493 3330 ἡμέραιε.

220 3352 260 3419 Χ.
281 3354 332 3419 21.
355 3361 393 3441 τῇ
422 3353 451 3419 δ’
478 3354 625 3438 ὑετεραίᾳ
654 3353 794 3421 ἀπέθανε
818 3356 877 3435 μὲν
901 3353 1021 3434 οὐδείε,
1048 3351 1129 3434 ἀμφὶ
1153 3356 1189 3418 δὲ
1212 3356 1272 3436 τὴν
1294 3355 1398 3439 αὐτήν

355 3483 419 3528 που
449 3462 538 3542 ὥραν
566 3461 785 3543 ἀνεφρόνουν·
817 3461 905 3546 τρίτῃ
933 3463 969 3526 δὲ
997 3462 1048 3526 καὶ
1070 3460 1204 3546 τετάρτῃ
1228 3460 1398 3558 ἀνίεταντο

353 3570 459 3650 ὥεπερ
482 3571 518 3635 ἐκ
537 3569 809 3649 φαρμακοποτίαε.

309 3677 399 3743 Haeo
432 3681 525 3757 sunt,
562 3675 679 3760 quibus
717 3675 917 3742 adversarios
949 3680 1079 3742 nostros
1111 3675 1395 3743 vehementissime

193 3846 197 3852 .
219 3783 403 3866 perturbari
427 3782 618 3848 existimem.
655 3780 749 3869 ¹Nam
773 3803 884 3847 omnes
908 3782 968 3848 has
991 3781 1166 3867 imagines,
1193 3804 1273 3866 quas
1297 3786 1395 3851 modo

220 3888 402 3972 attulimus,
434 3911 536 3972 paene
564 3888 604 3953 ad
632 3888 766 3953 verbum
794 3889 939 3954 Diodoro
967 3912 1039 3955 oum
1065 3889 1280 3973 Xenophonte
1308 3912 1395 3957 oom-

219 4017 333 4061 munes
361 3995 501 4078 primum
529 3996 570 4060 ab
594 3995 728 4078 Ephoro
756 4017 773 4060 e
796 3995 1026 4080 Xenophonte,
1048 4000 1118 4061 tum
1146 4018 1165 4061 a
1187 3995 1332 4063 Diodoro
1357 4020 1397 4063 ex

219 4102 353 4186 Ephoro
377 4105 525 4186 sumptas
549 4123 619 4166 esse
643 4101 698 4186 qui
721 4101 785 4166 sibi
808 4102 917 4167 animo
940 4103 1123 4188 persuadet,
1147 4103 1176 4168 is
1198 4124 1266 4168 non
1288 4104 1396 4170 solum

221 4210 262 4274 ab
282 4209 368 4274 omni
387 4208 617 4292 probabilitate
639 4208 754 4292 definit,
776 4228 887 4272 verum
907 4210 1006 4274 etiam
1026 4210 1065 4275 de
1083 4209 1210 4295 Ephori
1228 4209 1396 4276 existima·

221 4318 311 4382 tione
335 4315 474 4380 multum
497 4314 645 4380 detrahit.

313 4420 376 4487 Sed
399 4442 572 4507 pergamus
595 4422 635 4487 ad
653 4420 810 4505 proxima.
846 4423 885 4488 In
904 4423 1020 4508 quibus
1039 4446 1086 4511 ea,
1109 4447 1192 4509 qnae
1210 4423 1250 4488 de
1268 4424 1395 4511 origine
