2954 4980
627 264 841 328 ‚24-

148 426 252 497 quippe
271 443 335 481 curn
353 425 409 478 iam
428 422 618 478 antecedentis
637 421 738 490 eapitis
756 427 771 488 ξ
790 426 806 474 6
825 421 855 475 in
873 422 934 476 tota
948 420 1012 489 Cyri
1031 421 1174 491 copiarum
1196 420 1259 477 acie
1280 421 1329 476 de·

150 516 298 573 scribenda
313 515 445 568 Ariaeum
462 513 492 566 in
510 511 622 567 sinistro
641 529 727 566 cornu
746 511 915 567 collocutum
934 510 1144 580 memoraverit,
1167 511 1203 564 de
1223 511 1326 567 eodem

149 607 209 673 hic,
228 604 309 674 qnasi
326 621 428 659 novam
446 619 505 658 rem
524 602 623 656 afferre
640 601 741 669 vellet,
760 603 888 655 acturum
906 600 1002 666 fuisse,
1019 617 1086 655 narn
1104 601 1187 655 cirros
1207 601 1252 668 δέ,
1271 616 1329 655 non

149 696 303 761 οὓτοε·γάρ
321 693 448 764 legimus.
483 691 537 747 Sed
551 691 672 746 maxime
687 707 873 758 commoveor,
892 691 967 760 quod
981 707 1045 745 oum
1059 689 1080 759 Ι,
1095 695 1120 759 8,
1135 695 1151 745 t
1166 689 1196 744 in
1210 689 1326 744 sinistro

149 802 234 840 cornu
253 800 316 838 eum
336 785 426 850 Κύρου
440 785 566 849 ὕπαρχον
581 781 749 836 collocatum
763 779 848 835 fuisse
861 780 1022 850 legerimus,
1040 779 1170 834 hocloco
1184 777 1328 848 equitatui

149 891 213 929 eum
235 872 410 943 praefectum
431 871 516 926 fuisse
540 869 668 925 traditur.
706 868 756 922 Cui
775 868 982 939 discrepantiae
1000 868 1057 923 iam
1076 868 1146 923 alios
1164 885 1326 923 succurrere

149 962 270 1018 voluisse
298 959 393 1026 video,
422 960 475 1014 etsi
504 960 533 1013 et
558 956 733 1027 Madvigium
761 957 939 1024 (Adversaria
963 956 1062 1012 critica
1084 957 1098 1010 Ι
1120 974 1184 1028 pag.
1204 960 1270 1024 344)
1300 958 1329 1012 et

149 1051 288 1106 Faberum
306 1047 479 1118 (Zeitschrilt
495 1047 540 1100 fdr
554 1045 808 1116 Gymnasialvvosen
822 1051 900 1114 1866,
919 1063 985 1117 pag.
999 1051 1060 1114 487,
1078 1047 1150 1115 488),
1170 1062 1254 1116 quern
1269 1045 1328 1100 iam

151 1136 434 1206 Schimmelpfengius
458 1136 524 1204 (Zur
542 1135 719 1204 Wtirdigung
741 1151 797 1189 von
819 1134 946 1204 Xenoph.
966 1135 1054 1190 Anab.
1080 1137 1159 1205 1870)
1182 1134 1329 1205 refutavit,

150 1230 276 1294 ὕπαρχον
302 1229 340 1295 (Ι,
354 1232 383 1293 8,
399 1226 426 1293 t)
450 1222 479 1278 in
500 1224 640 1290 ἵππαρχον
664 1223 857 1292 corrigendum
880 1240 940 1278 esse
964 1226 1053 1292 ratos,
1078 1226 1190 1280 arecta
1208 1225 1330 1280 sanandi

150 1317 258 1371 ratione
277 1316 421 1369 aberrasse
440 1313 588 1382 ipsumque
602 1311 682 1379 illud,
701 1312 777 1380 quod
791 1311 897 1366 servari
910 1313 1032 1367 multum
1045 1313 1170 1381 interest,
1189 1313 1329 1370 delevisse

151 1404 293 1474 intellego.
331 1403 429 1471 Neque
457 1418 523 1456 vero
551 1401 677 1471 placent,
706 1417 779 1470 quae
801 1401 991 1456 Kaemmelius
1015 1402 1096 1457 affert
1118 1403 1155 1457 ad
1178 1405 1330 1473 utramque

151 1512 209 1548 rern
224 1494 298 1548 inter
312 1509 341 1547 se
357 1489 561 1546 conciliandam
579 1489 683 1559 (Kritilr
698 1490 747 1544 der
761 1489 889 1546 Berichte
903 1509 968 1562 pag.
984 1499 1044 1561 669,
1063 1494 1144 1546 Anm.
1159 1496 1194 1561 4).
1229 1494 1330 1562 Itaque

153 1599 224 1651 opus¹
247 1581 301 1635 erit
323 1597 404 1634 usum
424 1581 454 1634 et
470 1579 615 1634 notionem
633 1579 763 1634 vocabuli
783 1581 956 1649 ,,ὑπάρχου“
975 1579 1031 1652 ipsi
1048 1580 1204 1637 accuratius
1223 1583 1331 1653 exami-

150 1687 256 1725 nemus.
285 1670 443 1739 Usurpatur
461 1672 556 1723 autem
573 1670 618 1723 ter
635 1668 664 1721 in
678 1669 810 1723 Anabasi.
843 1669 968 1723 Primum
986 1669 1012 1737 Ι,
1026 1676 1056 1737 2,
1070 1676 1118 1738 20,
1136 1671 1197 1724 tum
1216 1672 1242 1740 I,
1257 1678 1289 1740 8,
1305 1677 1331 1740 5,

152 1759 271 1828 denique
285 1759 334 1827 IV,
349 1766 373 1828 4,
389 1764 414 1813 4.
448 1758 571 1825 Quorum
586 1758 726 1826 deprimo
741 1759 854 1825 quidem
869 1758 939 1812 nihil
954 1758 1022 1814 certi
1036 1759 1211 1829 pronuntiari
1224 1762 1331 1828 potest.

153 1849 209 1903 Sed
223 1865 258 1902 ex
271 1846 356 1902 tertio
371 1847 433 1903 loco
448 1847 613 1902 concludere
627 1846 703 1913 licet,
718 1847 844 1913 ὑπάρχου
858 1862 970 1915 nomen,
985 1864 1041 1914 quo
1056 1849 1161 1903 honore
1175 1848 1333 1919 Tiribaaus,

153 1937 302 1991 Armeniae
326 1936 484 2006 praefectus
508 1935 635 2004 ornatur,
659 1934 861 2006 amplissimam
885 1935 960 1990 illius
983 1935 1036 1990 viri
1059 1936 1257 1992 auctoritatem
1282 1956 1331 1993 ex-

152 2029 280 2096 primere.
317 2026 394 2079 Idem
420 2025 491 2079 enim
517 2025 623 2079 amicus
642 2025 789 2079 Persarum
807 2025 881 2096 regis
900 2024 1061 2094 appellatur
1079 2026 1107 2080 et
1126 2027 1201 2081 solus
1219 2028 1334 2082 muneri

152 2115 330 2184 praepositus
357 2114 444 2169 fuisse
472 2113 588 2183 dicitur,
616 2131 724 2184 regem,
754 2115 976 2182 quandocunque
1004 2114 1140 2184 adfuerit,
1169 2116 1199 2170 in
1226 2133 1333 2184 equum

153 2203 316 2258 subiciendi.
354 2204 451 2271 Itaque
471 2220 534 2256 cum
557 2203 587 2256 in
608 2202 768 2256 universum
788 2203 875 2257 statui
894 2221 975 2272 posse
993 2204 1135 2270 videatur,
1159 2204 1333 2272 gravitatem

154 2293 294 2361 quandam
327 2293 356 2346 et
383 2291 581 2346 auctoritatem
612 2290 641 2344 in
669 2291 807 2346 vocabulo
835 2291 885 2346 illo
909 2288 1024 2347 infuisse
1051 2291 1181 2361 idemque
1208 2291 1334 2349 fortasse

153 2381 238 2437 simili
262 2398 344 2435 sensu
367 2382 452 2448 atque
480 2382 690 2447 ὑποετρατηγό(
714 2380 892 2449 (111,1,ee;
915 2380 949 2448 V,
969 2388 997 2447 6,
1016 2384 1061 2450 86)
1078 2383 1133 2434 aut
1156 2384 1335 2449 ὑπολοχαγό(

154 2487 218 2525 eum
242 2469 391 2537 significet,
415 2468 464 2538 qui
487 2485 600 2523 munere
619 2468 707 2536 ipsius
726 2471 861 2536 ἄρχοντο(
879 2470 1003 2524 absentis
1021 2471 1160 2540 fungitur,
1186 2470 1334 2530 Adaeum.

155 2559 203 2628 qui
226 2557 352 2613 amicitia
371 2557 434 2626 Cyri
456 2559 589 2612 utebatur
610 2557 721 2626 totique
743 2557 854 2613 sinistro
873 2558 944 2613 aciei
963 2560 1059 2614 cornui
1078 2559 1233 2629 praefuisse
1252 2563 1337 2630 patet

155 2650 187 2717 (Ι,
206 2654 231 2715 8,
251 2652 281 2715 53
300 2647 440 2702 Diodorus
459 2647 531 2716 XIV,
551 2652 594 2715 22,
614 2651 630 2700 5
649 2650 679 2702 et
696 2653 744 2714 24,
765 2647 805 2715 1),
824 2647 967 2716 proprium
987 2649 1040 2703 hoc
1056 2646 1127 2715 Cyro
1145 2648 1210 2703 vivo
1228 2666 1336 2705 nomen

154 2736 284 2791 habuisse
313 2754 376 2791 cum
404 2735 604 2807 probabilitate
633 2737 771 2793 convenit.
808 2738 847 2791 At
869 2754 954 2806 quam
975 2737 1102 2807 ineptum
1126 2755 1187 2792 esse
1209 2737 1335 2805 videtur,

156 2822 229 2892 euni,
247 2825 296 2892 qui
309 2824 397 2878 totius
416 2824 552 2877 exercitus
566 2824 748 2878 barbarorum
766 2823 915 2894 imperium
933 2825 1049 2880 tenebat
1068 2824 1172 2894 quique
1186 2828 1252 2894 post
1266 2826 1337 2896 Cyri

155 2917 274 2969 mortem
298 2912 378 2981 quasi
401 2929 524 2967 summus
547 2913 615 2980 dux,
637 2913 684 2968 vel
707 2915 739 2967 ut
762 2913 803 2967 ita
821 2914 913 2968 dicam
932 2914 961 2968 in
980 2913 1045 2981 Cyri
1068 2914 1161 2968 locum
1179 2915 1336 2969 succedens

155 3002 300 3072 effingitur
319 3003 368 3072 (H,
390 3010 418 3070 1,
438 3004 478 3072 4),
502 3001 629 3071 equitum
652 3004 826 3072 praefectum
850 3003 998 3074 designari.
1038 3005 1129 3072 Atque
1148 3004 1201 3056 hoc
1219 3020 1335 3072 quoque

155 3090 320 3160 monuerim,
338 3091 401 3161 ipsa
418 3090 469 3144 illa
487 3092 583 3145 verba:
605 3092 706 3160 ,οὗτος
725 3133 731 3144 .
748 3134 753 3145 .
770 3134 775 3146 .
795 3098 846 3146 τοῦ
866 3093 976 3146 ἱππικοῦ
997 3093 1108 3159 ἄρχων“
1128 3109 1253 3161 pugnare
1268 3109 1336 3147 cum

155 3181 334 3249 sequentibus
362 3182 489 3249 ,ἔφυγεν
516 3183 589 3248 ἔχων
617 3181 661 3234 καὶ
689 3182 722 3235 τὸ
751 3183 906 3248 ετράτευμοι
932 3187 988 3235 πᾶν
1016 3182 1049 3233 οὓ
1075 3183 1201 3249 ἡγεῖτο“,
1231 3182 1336 3248 quibus

155 3270 288 3324 Ariaeum
317 3287 380 3324 oum
407 3269 469 3324 toto
497 3270 637 3337 exercitu,
670 3269 715 3323 cui
747 3269 925 3338 praepositus
957 3271 1032 3337 erat,
1063 3269 1169 3338 fugisse
1195 3271 1336 3328 narratur.

156 3361 254 3428 Neque
278 3359 385 3427 placet,
409 3358 483 3426 quod
501 3359 583 3413 initio
601 3359 775 3427 insequentis
796 3359 909 3427 capitis,
933 3356 1029 3427 paucis
1047 3358 1139 3413 verbis
1157 3357 1336 3427 intermissis,

156 3448 289 3502 Ariaeum
307 3446 413 3517 fugisse
432 3447 533 3502 iterum
553 3448 704 3502 memoriae
722 3444 850 3501 traditur.
889 3446 992 3502 Verum
1012 3449 1096 3500 utne
1116 3446 1222 3500 diutius
1240 3447 1270 3501 in
1289 3448 1336 3503 hie

156 3552 260 3602 morer,
286 3535 334 3590 sed
353 3535 387 3589 de
407 3534 537 3590 universo
555 3536 619 3591 loco
637 3536 698 3605 ipse
717 3535 885 3590 sententium
903 3535 1057 3605 proferam,
1081 3536 1134 3590 hoc
1154 3536 1251 3604 caput,
1278 3553 1336 3604 quo

156 3622 313 3692 Xenophon
331 3623 403 3678 nihil
421 3623 499 3678 aliud
517 3623 547 3678 in
567 3624 660 3679 animo
679 3624 792 3691 habuit,
818 3642 902 3693 qnam
922 3626 954 3678 ut
972 3623 1035 3693 Cyri
1054 3623 1192 3692 defuncti,
1211 3624 1335 3694 impera-

156 3713 225 3767 toris
248 3712 443 3784 gratiosissimi
472 3715 501 3766 et
520 3712 696 3768 dilectissimi
718 3713 806 3767 vitam
830 3715 859 3767 et
876 3712 995 3767 virtutes
1020 3713 1201 3767 adumbratae
1219 3712 1336 3768 immor-

156 3802 264 3856 talitati
278 3801 495 3867 commendaret,
514 3804 573 3856 tum
593 3802 713 3856 absurda
727 3806 756 3855 et
773 3802 867 3855 ieiuna
881 3800 1059 3870 peroratione
1073 3802 1155 3868 finiri,
1172 3819 1229 3856 non
1242 3803 1336 3857 solum

158 3888 193 3943 ab
213 3890 289 3944 omni
312 3890 527 3959 probabilitate,
550 3906 647 3945 verum
669 3889 755 3944 etiam
775 3891 810 3945 ab
829 3891 905 3945 omni
923 3890 1031 3960 pietate
1051 3894 1080 3945 et
1098 3885 1266 3946 verecundia
1286 3892 1336 3946 ab·

157 3979 270 4032 horrere
288 3978 407 4034 videtur.
440 3980 479 4033 At
493 3981 597 4048 quanto
612 3977 725 4045 gravius
740 3980 768 4031 et
781 3977 917 4033 memoria
931 3978 1056 4033 defuncti
1069 3979 1204 4051 principis
1219 3980 1334 4050 dignius

157 4067 245 4121 totius
269 4066 369 4136 capitis
392 4065 520 4120 laudatio
543 4066 573 4119 in
596 4065 688 4119 verbis
711 4064 768 4119 illis
786 4066 869 4121 fidem
895 4066 1048 4121 amicorum
1066 4067 1097 4121 in
1115 4070 1239 4122 extremo
1257 4067 1335 4123 vitae

158 4154 317 4209 discrimine
340 4154 568 4223 praedicantibus
587 4153 709 4208 desinat:
735 4155 978 4222 ,ἀποθνήεκοντοε
1000 4156 1053 4222 γὰρ
1077 4158 1164 4211 αὐτοῦ
1186 4160 1288 4210 πάντες
1307 4157 1336 4210 οἱ

157 4247 219 4310 περὶ
239 4245 325 4297 αὐτὸν
344 4243 421 4311 φίλοι
439 4245 483 4297 καὶ
502 4244 680 4310 ευντράπεζοι
699 4244 838 4297 ἀπέθανον
858 4246 1032 4311 μαχόμενοιί.

640 4443 851 4451 .---—-—-·——
