2954 4980
638 281 833 374 ..'3..

148 492 215 535 uno
239 473 372 553 excepto
390 468 446 552 IV,
469 471 499 554 8,
525 469 565 534 15
588 474 644 535 aut
667 472 798 536 0111111110
822 494 839 534 0
863 473 1016 535 contextu
1034 470 1244 535 removendos
1264 473 1321 535 aut

147 561 234 641 certe
262 576 466 661 gravioribus
496 577 801 661 interpolationibus
829 578 1015 663 inquinatos
1043 599 1113 642 esse
1140 577 1222 641 mihi
1249 600 1320 661 per-

148 684 245 748 suasi.
301 681 479 749 Oensentur
515 687 624 748 autem
661 684 858 749 Graecorum
897 685 1015 749 milites
1053 685 1194 769 quinque
1231 685 1321 768 10010,

147 794 278 875 praeter
308 790 387 855 duos
416 813 485 875 000,
513 792 551 855 de
579 792 695 876 quibus
718 791 915 862 Ritschelius
946 791 1027 855 dixit
1048 789 1077 874 I,
1101 791 1135 875 2,
1158 792 1191 876 95
1221 793 1254 875 7,
1281 792 1321 855 10

146 894 214 960 11οτ
237 894 295 978 IV,
318 897 353 979 8,
380 896 434 980 153
458 895 498 981 V,
521 897 555 981 3,
579 897 613 981 33
637 896 699 981 VI,
722 899 757 982 2“,
783 898 832 962 16.
878 897 922 962 Et
953 897 1095 982 primum
1125 899 1254 982 quidem
1283 897 1321 961 de

151 1001 275 1066 duobus
301 1002 369 1066 illis
392 1003 471 1067 loeis
496 1023 605 1087 agam,
634 1003 750 1087 quibus
774 1003 972 1068 Ritschelius
995 1026 1106 1068 veram
1128 1004 1322 1068 medicinam

152 1131 185 1174 00
212 1101 398 1174 adhibuisse
420 1111 570 1193 putabat,
601 1131 673 1174 cum
696 1114 834 1195 utroque
856 1112 929 1176 loco
951 1134 1102 1176 numeros
1126 1132 1246 1195 paucos
1270 1132 1323 1174 ex-

151 1215 267 1281 cidisse
292 1219 458 1282 statueret.

238 1323 351 1388 Priore
375 1323 461 1388 enim
484 1325 554 1389 loco
584 1323 623 1410 (Ι,
643 1322 741 1412 2,9),
764 1329 801 1390 111
824 1325 933 1411 gravis
957 1329 1139 1390 armaturae
1163 1348 1323 1392 summam
1393 1381 1399 1396 .

150 1430 242 1494 illam
261 1430 409 1495 undecim
428 1431 553 1495 milium
575 1432 715 1496 militum
735 1434 920 1516 compleret,
939 1435 958 1513 ἓ
978 1433 998 1496 3
1019 1433 1190 1498 lectionem
1209 1434 1322 1514 ,ἑπτα-

150 1536 275 1601 κοςίονς
298 1533 484 1623 despuet),
513 1539 567 1623 qui
592 1560 743 1604 numerus
767 1540 907 1604 militum
930 1539 1080 1604 Pasionis
1103 1540 1138 1604 in
1160 1540 1322 1606 codicibus

152 1643 363 1708 deterioribus
405 1645 586 1730 invenitur,
627 1646 919 1730 comprobandam,
960 1650 1178 1711 trecentorum
1216 1652 1325 1712 autem

150 1771 332 1834 numerum,
361 1772 456 1835 quem
485 1753 635 1817 meliores
662 1753 791 1836 utrique
819 1775 982 1818 armorum
1013 1753 1124 1837 generi
1147 1754 1326 1839 assignant,

152 1856 192 1921 ad
219 1858 322 1922 levem
349 1856 497 1922 Pasionis
529 1863 728 1924 armaturam
756 1861 860 1938 solam
888 1849 1091 1925 referendum
1120 1883 1190 1926 esse
1217 1861 1326 1926 existi-

154 1965 265 2028 mavit.
302 1962 475 2029 Praeterea
492 1966 588 2031 nobis
606 1967 798 2051 persuadere
817 1969 893 2050 vult,
913 1968 1025 2032 eodem
1042 1967 1114 2032 1000
1129 1966 1328 2052 Sophaeneti

152 2073 278 2136 nomini
301 2073 560 2138 substituendum
584 2096 654 2138 esse
672 2074 786 2158 Agiae,
809 2074 875 2138 iam
896 2073 920 2157 Ι,
939 2075 969 2159 2,
988 2057 1008 2138 '3
1030 2077 1327 2154 commemoratum,

152 2201 249 2262 quam
277 2178 462 2262 opinionem
490 2184 564 2245 ante
587 2180 803 2246 Ritschelium
826 2179 1012 2265 Koechlyus
1041 2183 1074 2245 et
1097 2178 1325 2267 Ruestovius⁷)

152 2283 476 2373 comprobaverantfl)
509 2285 711 2373 Krueger09)
745 2287 966 2372 adversantes,
1003 2289 1059 2372 qui
1091 2285 1256 2354 Oleanoris
1294 2292 1328 2352 et

153 2392 350 2476 Sophaeneti
376 2394 509 2458 nomina
536 2395 620 2459 inter
647 2417 681 2459 se
707 2398 906 2460 commutata
928 2417 999 2460 esse
1020 2396 1230 2480 pertinaciter
1252 2417 1327 2460 con-

154 2501 310 2566 tenderat.

244 2606 305 2672 Sed
338 2613 375 2673 ut
402 2609 532 2694 planius
561 2631 613 2674 res
641 2610 868 2695 perspiciatur,
901 2611 1103 2695 singulorum
1131 2609 1326 2674 Graecorum

152 2720 339 2801 praetorum
362 2717 492 2802 singula
516 2718 648 2800 auxilia,
676 2740 758 2802 quae
781 2718 807 2801 Ι,
826 2718 857 2800 2,
877 2717 907 2796 3,
926 2717 956 2801 6,
975 2718 994 2781 9
1020 2717 1060 2781 ad
1084 2714 1205 2801 Cyrum
1227 2716 1328 2780 missa

153 2823 323 2888 meliorum
347 2824 491 2889 codicum
514 2823 577 2889 fide
600 2824 784 2909 traduntur,
811 2823 967 2889 1001000
992 2824 1128 2889 collecta
1151 2845 1328 2908 apponam:

226 3110 253 3177 6)
271 3107 401 3178 Legimus
416 3113 431 3174 5
445 3114 474 3163 3:
493 3108 593 3163 Ξενίας
611 3109 660 3174 μὲν
680 3110 714 3175 ὁὴ
729 3110 795 3162 τοὺς
813 3109 844 3161 ἐκ
857 3111 916 3161 τῶν
930 3107 1039 3162 πὸλεων
1053 3109 1146 3174 λαβὼν
1159 3108 1328 3174 παρεγένετο

154 3196 192 3251 εἰς
210 3197 333 3266 (debete,
358 3196 471 3252 ὁπλίτας
489 3197 528 3251 εἰς
544 3197 785 3265 τετρακιςχιλίους,
805 3196 946 3264 Πρόξενος
965 3199 995 3251 ὁὲ
1013 3201 1106 3265 παρῆν
1125 3197 1197 3263 ἔχων
1216 3195 1330 3250 ὁπλίτας

155 3285 204 3350 μὲν
228 3284 265 3338 εἰς
286 3285 483 3340 πεντακοςίους
505 3289 549 3340 καί
572 3285 687 3354 χιλίους,
711 3290 853 3353 γυμνῆτα(
876 3288 906 3340 ὁὲ
928 3286 1136 3354 πεντακοςίονς,
1161 3287 1330 3355 (οφαίνετος

155 3375 185 3426 δὲ
208 3375 224 3426 ὁ
248 3375 422 3443 (τυμφάλιος
445 3374 559 3429 ὁπλίτας
581 3375 653 3440 ἔχων
676 3374 790 3444 χιλίους,
820 3375 969 3444 (ωκρὸτης
991 3378 1022 3430 δὲ
1045 3378 1061 3429 ὁ
1086 3376 1194 3442 Ἀχαιὸς
1217 3375 1330 3430 ὁπλίτας

155 3462 227 3527 ἔχων
256 3463 294 3516 ὡς
315 3463 523 3530 πεντακοςίους,
552 3462 665 3516 Παςίων
689 3465 719 3517 δὲ
743 3465 758 3516 ὁ
778 3465 923 3533 Μεγαρεὺς
946 3463 1116 3532 τριακοςίους
1135 3467 1184 3532 μὲν
1208 3464 1329 3532 ὁπλίτας,
1444 3491 1445 3496 0

154 3551 326 3618 πριακοςίοας
349 3553 379 3606 ὁὲ
400 3551 552 3606 πελταςτάς
574 3553 647 3618 ἔχων
670 3553 848 3619 παρεγένετο.
885 3553 934 3623 (εἰς
950 3554 1123 3622 τριακοςίονς
1141 3555 1190 3620 μὲν
1209 3551 1330 3620 ὁπλίτας,

155 3640 328 3706 τριακοςίονς
346 3642 377 3694 bt
394 3641 546 3695 πελταετὰς
563 3642 636 3707 ἔχων
654 3641 883 3698 1111111111.
902 3644 931 3697 01
949 3643 1052 3698 omisso
1071 3643 1109 3696 είς
1127 3643 1160 3698 A.
1171 3641 1203 3696 Β.
1213 3641 1241 3696 0.
1252 3642 1285 3696 D.
1297 3639 1329 3695 Ο.

158 3727 215 3783 Cet.
235 3728 273 3783 εἰς
291 3728 469 3785 ἑπτακοςίονς
486 3731 560 3796 ἔχων
579 3732 690 3801 ἄνδρας,
708 3729 764 3786 nisi
782 3731 858 3800 quod
877 3733 980 3799 ἄνδρας
996 3734 1068 3799 ἔχων
1084 3731 1127 3800 Τ.)
1160 3727 1330 3784 1111001011ηο

156 3815 372 3887 Xenophontem
395 3818 436 3873 010
458 3818 602 3888 scripsisse
626 3819 793 3890 suspicatur:
819 3821 932 3875 Παςίων
951 3823 967 3874 ὁ
986 3822 1130 3888 Μεγαρεὺς
1152 3818 1331 3874 ἑπτακοςίους

158 3907 207 3971 μὲν
225 3906 347 3976 ὁπλίτας,
366 3906 537 3975 τριακοςίους
555 3910 585 3962 ὁὲ
602 3909 754 3964 πελταςτάς
772 3911 853 3976 ἔχων.

230 3999 256 4064 7)
275 3995 442 4051 (1000110110
460 3996 509 4051 des
527 3995 722 4066 griechischen
740 3998 960 4068 Kriegswesens‚
980 3999 1053 4054 nach
1071 3999 1125 4054 den
1145 3997 1263 4064 Quellen
1280 3997 1327 4052 10-

158 4083 279 4140 arbeitet
296 4102 352 4140 von
369 4086 413 4140 W.
433 4086 549 4141 Rristow
567 4087 624 4141 und
644 4086 691 4143 Dr.
711 4087 746 4141 H.
766 4086 884 4156 Ktchly‚
905 4092 982 4158 1852,
1000 4105 1065 4158 pag.
1086 4092 1145 4141 101.

229 4177 257 4244 8)
275 4173 317 4229 De
335 4173 470 4244 ampliore
489 4175 591 4231 lacuna
605 4176 789 4232 Schenkelius
803 4177 911 4246 cogitat
926 4177 1070 4247 „Xenoph
1085 4175 1219 4231 Studien“
1233 4176 1263 4230 in
1277 4177 1330 4231 den

157 4261 308 4318 Berichten
327 4262 376 4317 der
392 4262 504 4319 kaiserl.
518 4263 675 4320 Akademie
694 4270 772 4334 1868,
790 4282 853 4335 pag.
870 4271 930 4334 602,
951 4264 1070 4331 Ἀγίαςὸ
1086 4266 1183 4333 Ἀρκὰς
1198 4266 1332 4333 Ἀρκάδας

157 4368 324 4422 proponens.

230 4443 258 4510 9)
276 4439 317 4496 De
335 4441 435 4512 integr.
455 4442 544 4497 Anah.
563 4461 627 4513 pag.
649 4449 707 4499 147.
744 4443 894 4498 Praeterea
911 4443 966 4498 vid.
987 4443 1138 4498 editionem
1158 4443 1246 4498 Anah.

1082 4531 1118 4586 1*
