2954 4980
650 299 868 364 „30-

306 459 415 525 πείεατ
449 460 609 540 βούλεται,
642 461 764 536 λεγέτω
796 459 868 524 τίνα
900 458 993 538 χάριν
1020 457 1095 536 ἡμῖν
1123 452 1195 519 ἀντὶ
1220 453 1354 519 τούτων

308 564 399 633 ἀξίαν
422 566 523 630 δώτει.
1216 639 1220 647 ,

173 672 212 736 X.
237 674 285 738 10.
309 672 393 738 Ἀλλ’
417 674 481 750 ἐγὼ
506 672 655 752 θαυμάζω
679 672 801 751 πότερα
824 672 869 736 ὡ(
891 675 1018 751 κρατῶν
1042 670 1185 751 βαειλεὺε
1208 667 1294 733 αἰτεῖ
1310 666 1354 732 τὰ

308 780 395 846 ὅπλα
422 783 441 860 ἢ
465 779 510 844 ωε
534 780 586 844 διὰ
609 779 720 858 φιλίαν
744 784 841 858 δῶρα.
865 779 892 843 εἰ
916 778 1058 858 μὲνγὰρ
1081 776 1125 840 ibt
1149 777 1290 853 κρατῶν,
1321 773 1353 837 τί

308 893 357 952 δεῖ
391 887 490 954 αὐτὸν
524 887 624 950 αἰτεῖν
652 887 703 950 καὶ
731 886 769 949 οὐ
798 889 909 966 λαβεῖν
936 885 1087 968 ἐλθόντα,
1119 882 1147 946 εἰ
1174 883 1210 945 δὲ
1238 879 1353 945 netto(

310 995 457 1075 βούλεται
485 996 609 1073 λαβεῖν,
638 993 759 1069 λεγέτω
789 992 819 1055 τί
846 991 932 1055 ἔιται
954 995 1022 1055 τοῖς
1045 988 1264 1069 ετρατιώταιε,
1291 988 1353 1055 ἐὰν

310 1102 396 1186 αὐτῷ
420 1105 520 1165 ταῦτα
543 1099 743 1179 χαρίεωνται.

264 1207 423 1283 Quoniam
447 1211 556 1272 antem
580 1207 727 1291 singulae
753 1207 916 1271 orationes
939 1205 1075 1271 diversis
1095 1204 1302 1287 praetoribus
1310 1199 1354 1290 1⁴)

174 1315 364 1379 tribuuntur
387 1337 491 1399 neque
515 1314 593 1378 ordo
612 1313 813 1398 loquentium
834 1313 919 1376 idem
939 1315 989 1377 est
1006 1332 1110 1394 neque
1127 1311 1200 1395 ipsa
1216 1309 1356 1377 nomina

175 1421 262 1486 inter
280 1445 313 1487 se
334 1425 515 1506 congruunt
522 1419 571 1506 ¹⁵),
588 1421 767 1505 Ephorum,
787 1421 924 1486 simodo
939 1419 1187 1503 Xenophontem
1201 1417 1357 1511 inspexit,

176 1531 270 1594 alteri
294 1530 376 1594 fonti
400 1529 472 1613 plus
496 1529 648 1612 ponderis
672 1527 826 1593 tribuisse
846 1510 989 1611 apparet.
1025 1523 1094 1608 Ipsi
1112 1525 1199 1591 enirn
1217 1523 1358 1610 Ephoro

176 1635 312 1700 Diodori
339 1635 560 1700 narrationem
588 1636 640 1699 vel
670 1635 742 1700 ideo
765 1634 990 1699 vindicandam
1014 1654 1084 1697 esse
1108 1654 1236 1717 censeo,
1268 1632 1360 1718 qnod

176 1744 314 1829 vestigia
355 1744 435 1808 artis
468 1742 667 1825 rhetoricae,
704 1742 884 1825 ubicunqne
916 1740 951 1804 in
983 1738 1183 1804 bibliotheca
1215 1744 1361 1826 exstant,

178 1849 279 1914 veluti
302 1849 408 1913 nostri
431 1849 547 1932 capitis
572 1869 700 1933 paragr.
719 1851 739 1912 2
764 1870 830 1913 non
852 1848 892 1912 ad
911 1848 1018 1931 ipsum
1038 1846 1217 1912 Diodorum
1237 1847 1296 1911 sed
1316 1847 1361 1912 ad
1453 1900 1459 1915 .

180 1954 374 2038 discipulum
397 1935 491 2018 illuni
514 1953 668 2019 Isocratis
692 1955 852 2039 imprimis
876 1954 1044 2019 referenda
1067 1975 1138 2018 esse
1160 1976 1244 2018 nune
1269 1955 1361 2019 inter

179 2083 291 2127 omnes
316 2065 451 2126 constat.
488 2061 577 2137 Quae
601 2084 672 2127 oum
696 2062 744 2126 ita
767 2062 841 2146 sint,
866 2061 920 2126 vix
942 2064 1053 2124 tamen
1072 2061 1110 2124 de
1131 2062 1233 2126 altero
1252 2060 1361 2146 fonte,

179 2192 274 2255 quem
288 2169 457 2253 Ephorum
472 2168 658 2234 adhibuisse
673 2171 886 2254 suspicamur,
904 2170 1027 2233 certum
1041 2166 1196 2232 iudicium
1215 2167 1362 2251 proferri

179 2280 296 2361 potest.
342 2275 483 2340 Tantum
515 2279 622 2340 autern
646 2276 829 2342 coniectura
853 2274 1069 2359 assequimur,
1097 2298 1136 2340 ex
1159 2273 1363 2357 Sophaeneti

178 2379 371 2467 Anabasiffi)
392 2420 433 2427 —
455 2383 485 2446 id
510 2384 595 2466 quod
614 2383 892 2467 Volquardsenius
916 2379 1126 2465 contenditll)
1147 2419 1188 2428 -
1208 2402 1259 2445 res
1280 2381 1361 2446 illas

179 2492 213 2554 in
232 2490 392 2574 colloquio
419 2493 508 2553 aetas
533 2490 574 2553 ab
592 2487 726 2571 Ephoro
745 2511 812 2553 uon
830 2511 901 2553 esse
919 2489 1064 2554 haustas.
1095 2488 1226 2553 Etenim
1244 2488 1361 2553 neseio

180 2621 221 2662 an
246 2597 286 2662 ab
311 2597 399 2660 omni
420 2596 651 2679 probabilitate
675 2596 858 2681 abhorreat,
882 2596 976 2660 aliter
1000 2619 1019 2660 a
1038 2594 1241 2679 Sophaeneto
1263 2617 1361 2679 prae-

180 2710 265 2789 tore,
290 2704 345 2788 qui
368 2704 455 2768 hand
479 2704 575 2768 dubie
600 2704 761 2787 colloquio
784 2700 878 2789 illi¹⁸)
898 2703 1065 2784 intererat,
1089 2703 1185 2767 aliter
1208 2724 1228 2766 a
1249 2701 1361 2768 Xeno-

180 2811 320 2894 phonte,
348 2812 415 2894 qui,
449 2812 477 2874 si
504 2833 571 2874 non
599 2811 668 2893 ipse
697 2807 871 2894 coneiliill)
899 2810 1075 2894 particeps
1107 2813 1217 2874 tamen
1246 2830 1360 2874 rerum

180 2916 397 3002 peritissimus
431 2919 513 2994 erat,
545 2916 679 2980 nomina
710 2938 820 2981 eorum
854 2916 908 3000 qui
936 2914 1073 2981 Phalino
1106 2917 1362 3003 respondebant,

181 3046 250 3088 esse
283 3023 434 3087 exhibita.
480 3022 551 3086 Iam
583 3045 654 3087 oum
689 3023 729 3087 ab
757 3024 812 3108 iis,
846 3024 901 3106 qui
928 3024 962 3087 in
990 3025 1130 3088 exercitu
1159 3022 1361 3088 Graecorum

180 3133 288 3213 erant,
322 3152 358 3193 ea
389 3129 521 3194 nomina
550 3133 747 3194 commutata
775 3152 844 3195 esse
872 3152 1002 3216 negem,
1035 3132 1074 3195 ad
1102 3130 1275 3195 Phalinum
1305 3131 1361 3195 vel

182 3233 387 3320 Ctesiam20),
416 3258 495 3320 quos
524 3237 558 3300 in
585 3238 755 3302 nominum
783 3260 906 3304 errores
935 3237 1075 3302 insidere
1102 3238 1248 3320 potuisse
1274 3237 1361 3303 veri·

254 3453 298 3520 14)
317 3449 445 3503 Ceterum
464 3447 656 3504 admonuerim
674 3448 828 3503 Diodorum
848 3449 931 3506 duces
949 3448 1100 3519 legationis
1119 3465 1212 3504 amore
1232 3448 1359 3517 quodam

183 3538 412 3606 άρχιπρεεβευτάε
430 3537 582 3606 appellare,
602 3538 697 3593 confer
715 3537 814 3593 etiam:
834 3538 894 3607 XII,
915 3544 957 3606 53,
976 3545 1005 3606 2;
1024 3538 1098 3607 ΧΙΠ,
1117 3543 1160 3603 52,
1180 3544 1205 3592 2.

255 3629 298 3696 15)
314 3628 346 3682 X.
363 3627 395 3695 Il,
413 3632 436 3694 1,
452 3632 485 3679 10
506 3627 642 3694 Κλεάνωρ,
662 3625 707 3680 oni
720 3627 871 3697 respondet
885 3627 960 3696 apud
973 3626 1054 3682 Diod.
1064 3625 1151 3694 XXV,
1166 3633 1182 3680 6
1197 3626 1358 3695 (ωκράτηε,

182 3717 215 3770 X.
236 3723 268 3770 12
287 3718 460 3783 Θεόπομπος,
479 3712 511 3768 Ι).
532 3720 548 3768 5
567 3715 701 3782 (ώφιλοε.

255 3807 299 3875 16)
312 3805 389 3859 Idem
400 3804 508 3875 cogitat
515 3804 705 3860 Rehdantzius
715 3805 744 3861 in
753 3805 927 3876 praefatione
937 3805 973 3860 ad
983 3804 1271 3874 Xenophhnabpeg.
1281 3803 1357 3858 XXL

255 3897 298 3964 11)
318 3894 385 3963 Pag.
406 3900 464 3949 132.
941 3908 945 3915 ·

256 3985 299 4052 18)
326 3983 429 4037 Omnes
457 3985 599 4053 praetores
628 3986 795 4040 convocatos
820 4001 882 4040 esse
909 3986 1027 4054 apparet
1054 4000 1087 4037 ex
1114 3983 1240 4053 Xenoph.
1265 3981 1357 4038 Anab.

181 4073 388 4141 sttssmu

256 4167 299 4231 13)
318 4162 478 4219 Verisimile
506 4179 579 4234 esse,
608 4165 820 4233 Theopompum
846 4181 903 4220 non
931 4163 1019 4217 alium
1046 4179 1106 4217 esse
1134 4162 1356 4231 intellegendum

183 4269 266 4321 quem
285 4250 378 4322 ipsum
392 4251 608 4321 Xenophonteffl
621 4254 686 4321 post
704 4252 774 4305 alios
791 4251 955 4321 comprobat
968 4250 1206 4319 Volquardsenius
1219 4267 1283 4321 pag.
1297 4257 1356 4306 131.

254 4341 299 4410 20)
319 4341 484 4395 Plutarchus
507 4342 593 4410 negat
611 4339 732 4395 Coesiam
756 4339 897 4409 colloquio
920 4331 1079 4394 interfuisse
1098 4339 1128 4394 in
1146 4340 1239 4394 Artos.
1261 4345 1308 4410 13,
1328 4347 1361 4402 5.,

112 4438 115 4443 ’
185 4428 299 4482 Grotius
317 4446 383 4483 vero
402 4429 435 4497 V,
455 4434 498 4499 43,
517 4447 543 4482 n.
563 4435 579 4481 2
599 4429 771 4498 suspiciones
788 4428 931 4484 Plutarchi
949 4430 1061 4484 refutet.
