2954 4980
650 1139 681 1222 I.

164 1314 217 1385 De
245 1262 410 1385 numeris
438 1312 601 1383 militum
629 1312 668 1382 in
696 1312 859 1384 Anabasi
887 1312 919 1398 Ι,
938 1314 974 1398 2,
993 1315 1029 1400 9;
1058 1313 1166 1400 7,10;
1272 1368 1274 1370 ,

276 1436 337 1523 IV,
356 1439 392 1524 8,
412 1438 469 1524 15;
497 1436 540 1522 V,
562 1438 601 1522 3,
620 1438 655 1523 33
684 1433 868 1525 V1,2‚16
895 1436 1056 1508 traditis.

169 1756 293 1821 Maiore
321 1755 460 1839 quadam
488 1753 658 1837 diligentia
686 1757 719 1819 et
745 1753 987 1838 perseverantia
1015 1755 1195 1838 quicunque
1220 1755 1254 1820 in

80 1887 187 1928 rerum
211 1863 422 1947 scriptoribus
446 1863 590 1925 criticam
613 1865 717 1926 artem
741 1863 896 1945 exercuit,
919 1883 992 1925 eum
1014 1883 1080 1926 non
1104 1863 1255 1947 effugisse

81 1973 234 2050 arbitror,
268 1972 396 2035 tantum
427 1969 553 2052 abesse,
585 1971 623 2032 ut
656 1969 726 2033 sola
759 1991 796 2033 ea
829 1969 963 2052 scripta,
995 1990 1131 2052 quorum
1161 1969 1255 2034 intel·

82 2077 184 2141 lectus
204 2078 254 2141 vel
274 2099 380 2140 rerum
403 2075 454 2140 vel
478 2075 633 2139 sermonis
658 2073 903 2138 difficultatibus
926 2075 1134 2158 impediatur,
1157 2075 1256 2139 inter·

79 2183 303 2266 polationibus
333 2187 365 2247 et
394 2179 661 2266 explicationibus
688 2180 754 2242 sint
777 2180 1012 2264 contaminata,
1040 2185 1076 2245 ut
1099 2183 1198 2246 etiam
1221 2183 1257 2245 in

80 2289 121 2353 iis
139 2289 243 2373 libris,
263 2289 318 2373 qui
332 2288 486 2353 facillime
500 2287 743 2371 intelleguntur,
763 2287 863 2351 libido
879 2287 1085 2351 librariorum
1100 2288 1256 2353 effrenata

82 2397 232 2478 grassata
255 2396 306 2459 sit.
351 2394 444 2470 Quod
467 2394 627 2478 imprimis
652 2394 738 2458 valet
760 2392 800 2458 de
822 2393 1049 2477 Xenophontis
1072 2396 1177 2476 libris,
1201 2395 1257 2480 qui

83 2523 155 2565 cum
188 2522 304 2586 genere
332 2500 459 2565 dicendi
486 2505 621 2565 utantur
648 2500 804 2565 facillimo
834 2505 867 2564 61
895 2501 1148 2586 simplicissimo,
1181 2503 1256 2566 seri-

81 2609 196 2672 barum
225 2612 334 2672 tamen
361 2609 456 2692 nugis
486 2610 518 2670 et
544 2607 841 2672 halucinationibus
869 2607 955 2672 haud
983 2630 1056 2672 raro
1083 2607 1257 2672 deformati
1318 2612 1322 2621 '

83 2717 166 2778 sunt.
207 2712 322 2778 Cobeti
346 2714 432 2778 enim
456 2714 586 2797 eiusque
610 2714 841 2798 discipulorum
864 2714 984 2778 rationi
1008 2715 1154 2797 quamvis
1180 2715 1256 2779 asti-

83 2821 188 2904 pulari
217 2821 269 2885 vix
292 2821 468 2905 possimus,
496 2821 529 2884 111
553 2820 615 2884 hoc
639 2842 703 2884 uno
727 2842 838 2886 verum
863 2842 917 2885 eos
941 2819 1060 2885 vidisse
1083 2819 1164 2884 mihi
1186 2842 1258 2903 per-

84 2950 216 2992 suasum
244 2932 306 3011 est,
335 2926 421 3011 quod
443 2926 671 3011 Xenophontis
698 2930 887 2993 contextum
911 2930 943 2991 et
966 2925 1091 2991 mendis
1115 2930 1148 2990 et
1168 2927 1257 2990 addi·

22 3028 26 3035 ’
83 3035 236 3098 tamentis
259 3033 357 3098 etiam
376 3054 462 3096 nunc
482 3033 646 3097 abundare
666 3035 875 3100 arbitrantur.
911 3034 996 3099 Nam
1016 3033 1071 3117 qui
1090 3037 1164 3098 ante
1183 3034 1257 3098 illos

83 3139 309 3224 Xenophontis
337 3140 430 3204 libris
459 3141 494 3204 in
520 3141 682 3223 integrum
705 3141 915 3206 restituendis
939 3162 1070 3224 operam
1093 3140 1259 3225 impende-

85 3247 165 3310 bant
192 3247 254 3311 viri
283 3246 384 3331 docti,
411 3247 449 3310 de
479 3245 786 3329 interpolationibus
811 3252 867 3312 aut
889 3249 973 3313 nihil
994 3248 1092 3332 plane
1116 3248 1258 3331 suspica-

83 3355 202 3418 bantur
234 3357 290 3418 aut
323 3376 446 3438 eorum,
480 3376 561 3438 quae
596 3376 615 3417 a
643 3353 785 3419 librariis
813 3354 935 3420 inserta
964 3376 1034 3419 esse
1061 3376 1148 3419 nunc
1174 3355 1259 3418 inter

84 3480 194 3524 omnes
219 3463 356 3544 constat,
378 3460 508 3524 fortiter
530 3461 748 3544 patrocinium
769 3463 999 3546 suscipiebant.
1035 3461 1086 3526 Ita
1104 3466 1142 3526 ut
1158 3483 1259 3525 unum
1356 3529 1362 3538 ,

84 3567 230 3650 afferam,
252 3563 473 3653 Kruegerus¹)
497 3567 672 3651 impetrare
697 3590 716 3631 a
739 3590 773 3632 se
796 3591 861 3633 non
884 3569 1005 3652 potuit,
1032 3572 1070 3632 ut
1092 3564 1259 3652 Usserio²)

84 3672 264 3757 plauderet,
292 3673 347 3756 qui
371 3673 545 3756 superioris
569 3674 766 3739 narrationis
789 3675 1011 3759 repetitiones,
1039 3696 1123 3758 quae
1149 3674 1258 3759 singu·

83 3780 188 3843 lorum
213 3778 375 3843 Anabasis
398 3779 556 3844 librorum
584 3780 687 3845 initiis
711 3784 853 3865 exstant,
877 3780 1108 3864 interpolatori
1132 3779 1259 3844 cuidam

85 3886 155 3949 iure
178 3885 300 3950 tribuit.
346 3886 526 3970 Postquam
549 3891 658 3951 autem
682 3887 744 3951 viri
768 3888 855 3954 docti
879 3888 920 3952 ad
946 3891 1132 3953 contextum
1156 3885 1260 3950 Xeno·

85 3991 218 4076 phontis
234 3994 414 4058 accuratius
424 3992 693 4077 perserutandum
704 3997 737 4058 et
745 3994 1007 4078 investigandum
1018 3993 1165 4080 aggressi
1176 3995 1260 4077 sunt,

158 4225 184 4292 1)
204 4223 245 4276 De
264 4221 411 4276 authentia
428 4223 458 4277 et
475 4222 638 4292 integritate
658 4223 747 4279 Anab.
766 4224 893 4294 Xenoph.
914 4228 992 4293 1825,
1010 4240 1074 4294 pag.
1097 4228 1155 4278 128.

158 4314 185 4381 2)
204 4311 296 4366 Iacob.
320 4310 426 4364 Usserii
454 4311 554 4367 Annal.
582 4315 667 4367 veter.
696 4316 725 4367 et
751 4313 817 4368 novi
845 4312 1015 4368 testamenti.
1046 4311 1161 4366 1161161,
1184 4316 1260 4377 1722,

86 4417 151 4468 pag.
171 4405 230 4454 125.

140 4498 265 4538 Naurum.
1032 4499 1045 4543 1
