2954 4980
621 312 941 413 -20—1

147 473 326 553 nongenta,
360 469 415 534 sed
445 470 681 555 quadringenta
712 472 837 536 tantum
872 472 964 536 milia
995 494 1015 537 a
1042 494 1118 558 rege
1149 473 1186 537 in
1218 472 1328 539 aciem

148 579 263 642 educta
300 601 371 643 esse
404 577 557 662 affirmat,
590 599 685 664 quem
717 601 886 644 numerum
921 580 1019 645 etiam
1051 579 1230 665 Diodorus,
1271 580 1329 664 qui

98 709 107 722 ·
146 685 280 769 Ephoro
305 689 435 751 auctore
458 686 575 769 utitur,
597 685 714 766 prodit.
755 685 825 751 Iam
848 709 924 752 vero
947 683 1226 774 Rehdantzius⁴³),
1251 709 1327 769 cum

147 794 272 855 tantam
296 790 547 874 discrepantiam
571 812 764 874 componere
786 792 835 856 ita
857 793 949 877 velit,
972 795 1009 857 ut
1032 792 1147 858 doceat
1170 815 1246 878 eos,
1271 794 1326 878 qui

146 899 381 984 quadringenta
404 899 496 962 milia
518 898 665 983 tradunt,
693 901 820 964 tantum
845 920 899 964 eos
924 903 1084 983 spectare,
1112 900 1168 986 qui
1192 900 1228 964 in
1252 901 1326 985 ipsa

148 1006 216 1070 acie
240 1006 457 1090 constiterint,
486 1029 558 1071 cum
582 1006 687 1071 maier
709 1003 832 1094 parsu)
861 1008 1018 1072 exercitus
1048 1007 1089 1072 ad
1111 1007 1326 1092 pugnandum

146 1113 253 1177 minus
273 1117 350 1196 apta
369 1137 387 1178 a
406 1135 482 1198 rege
501 1113 534 1177 in
554 1114 670 1178 castris
688 1113 993 1197 impedimentorum
1013 1109 1207 1179 tuendordm
1225 1136 1326 1193 causa

147 1220 261 1283 relicta
285 1221 340 1304 sit,
368 1220 420 1285 rel
442 1220 514 1284 ideo
544 1221 584 1286 ad
609 1221 804 1286 sententiam
829 1243 919 1285 suam
945 1220 1102 1286 adducere
1125 1244 1176 1286 me
1198 1223 1326 1307 nequit,

147 1328 224 1412 quia
247 1327 325 1413 alia,
349 1342 430 1412 quae
454 1327 616 1393 intereos
641 1329 815 1412 scriptores
840 1331 982 1413 exstant,
1006 1327 1195 1394 discrimina
1212 1351 1325 1394 nume

146 1456 255 1498 rorum
284 1436 440 1500 eiusmodi
469 1437 654 1526 coniectura
680 1458 748 1500 non
776 1439 990 1501 removentur.
1028 1434 1112 1511 Quid
1136 1435 1221 1519 quod
1244 1435 1324 1502 Dio·

147 1538 291 1627 dorus45)
315 1544 529 1627 septuaginta
556 1546 685 1609 tantum
712 1543 804 1607 milia
827 1541 904 1627 Cyri
927 1544 1140 1607 barbarorum
1162 1545 1325 1626 numeret,

149 1670 225 1756 eum
239 1646 479 1736 Plutarchus4⁶)
503 1654 595 1715 caute
615 1651 721 1715 verbis
745 1654 868 1734 ,πολλῇ
888 1649 1019 1729 δυνάμει
1041 1653 1229 1733 βαρβαρικῇιι
1254 1653 1325 1714 uta·

151 1759 217 1838 tur,
241 1755 296 1819 ille
320 1752 442 1839 Cyrum
465 1756 628 1838 praesidio
648 1754 784 1843 milles‘)
809 1758 953 1842 equitum
977 1755 1166 1840 circumdat,
1188 1755 1243 1819 hic
1269 1778 1325 1822 eos

150 1863 281 1926 omnino
306 1863 442 1946 omittit,
469 1864 523 1926 ille
547 1864 606 1928 οὐκ
628 1862 781 1927 ἐλάττου(
805 1864 1075 1943 πεντακιεμυρίιυν
1098 1860 1325 1949 surrexisse)

151 1966 323 2032 Artaxerxi
347 1969 510 2053 attribuit,
533 1970 586 2034 hic
610 1992 682 2034 cum
706 1971 740 2034 in
764 1971 949 2036 universum
972 1970 1011 2034 de
1035 1972 1325 2049 ,προτεταγμένοις

147 2079 206 2139 τοῦ
223 2071 437 2162 βαειλέιυε49)“
456 2077 616 2160 loquatur,
634 2099 804 2141 numerum
822 2099 889 2141 non
908 2074 1107 2161 exhibet‘250)
1142 2076 1235 2153 Quod
1250 2100 1325 2143 cum

147 2205 188 2246 ne
212 2184 240 2247 is
265 2183 410 2268 quidem,
434 2206 528 2268 quem
548 2206 620 2247 cum
640 2206 680 2247 ex
704 2185 841 2248 aliorum
864 2187 934 2248 tum
958 2205 997 2246 ex
1015 2180 1143 2247 Ctesiae
1164 2183 1325 2271 historiis

149 2291 204 2373 qui
219 2292 314 2355 rebus
330 2314 349 2355 a
364 2311 438 2375 rege
453 2291 633 2355 Artaxerxe
648 2292 747 2375 gestis
762 2290 929 2374 proximus
945 2291 1109 2373 intererat,
1128 2281 1339 2375 dignissima-

148 2402 330 2462 memoratu
354 2398 552 2481 excerpsisse
573 2400 716 2481 constat,
740 2397 778 2461 de
801 2419 936 2463 numero
955 2396 1146 2461 Artaxerxis
1169 2398 1326 2482 praesidii

148 2504 325 2588 quidquam
355 2508 596 2587 commemoret,
625 2508 662 2567 ut
691 2504 902 2587 suspicemur,
932 2525 1101 2568 numerum
1129 2505 1223 2569 illum
1252 2506 1325 2573 ἑξα-

148 2613 307 2690 κιεχιλίων
340 2613 380 2676 ad
410 2612 621 2676 artificiosam
651 2611 742 2674 illam
770 2610 931 2676 rationem
958 2611 1044 2674 inter
1073 2610 1262 2677 Artaxerxis
1293 2618 1327 2678 et

148 2715 225 2800 Oyri
253 2719 403 2783 cohortes
432 2719 577 2802 equitum
608 2717 808 2782 efficiendam
842 2740 912 2783 esse
944 2718 1054 2782 fictum
1086 2719 1190 2782 multo
1222 2720 1326 2785 etiam

148 2825 252 2909 magis
272 2827 468 2889 adducimur.
505 2825 620 2909 Itaque
643 2847 716 2890 cum
741 2825 826 2890 idem
844 2847 998 2890 numerus
1018 2825 1104 2908 apud
1122 2825 1327 2911 Xenophon·

147 2935 214 2995 tem
237 2933 323 3015 loeo,
347 2954 441 3016 quem
468 2953 562 2995 nemo
586 2931 690 2995 adhuc
713 2933 904 3017 impugnare
924 2955 1021 2997 ausus
1041 2936 1102 3016 est,
1134 2933 1253 2997 iterum
1277 2934 1328 2999 in-

150 3039 301 3103 veniatur
325 3035 364 3123 (I,
384 3039 413 3124 8,
435 3036 552 3124 24)⁵¹)‚
585 3037 670 3101 idem
699 3037 737 3100 de
766 3061 803 3103 eo
837 3039 1042 3103 statuendum
1076 3061 1146 3104 esse
1177 3041 1328 3107 conicere

130 3147 231 3211 lieet.
277 3145 411 3210 Accedit
438 3149 545 3210 autem
575 3167 686 3230 causa,
714 3168 795 3229 quae
820 3146 1036 3230 suspicionem
1062 3150 1188 3231 augeat.
1233 3146 1324 3212 Nam

133 3316 148 3339 2
219 3289 264 3354 43)
284 3287 316 3338 ln
334 3286 508 3354 praefatione
527 3287 564 3340 ad
582 3285 733 3353 Anabasin‚
752 3303 816 3356 pag.
836 3286 931 3339 XXXI·
945 3289 1040 3341 annot.
1061 3292 1102 3342 59.

218 3377 263 3443 44)
283 3374 471 3429 Rehdantzius
490 3375 577 3429 habet
594 3377 703 3428 lantum
723 3376 892 3442 ἐνενήκοντα
911 3377 1044 3442 μυριάδα(
1062 3375 1092 3429 in
1110 3377 1211 3430 animo.
1249 3378 1327 3432 Nam

147 3465 298 3530 τριάκοντα
317 3466 446 3530 μυριάδες
460 3465 618 3520 Abrocoma
636 3465 706 3518 duce
725 3466 892 3532 ,ὑετέρηεαν
911 3469 962 3532 τῆ(
975 3467 1063 3532 μάχη(
1080 3467 1164 3520 πέντε
1182 3467 1327 3533 ἡμέραιείί.

218 3555 263 3622 45)
282 3553 421 3608 Diodorus
440 3553 512 3620 XIV,
534 3561 575 3620 19,
595 3561 619 3608 7.

217 3646 262 3712 46)
282 3643 377 3700 Artox.
398 3650 422 3711 6,
444 3651 468 3699 1.

218 3735 262 3799 47)
281 3731 394 3788 Diodor.
415 3738 459 3802 22,
478 3739 503 3789 6.

217 3824 261 3888 48)
281 3820 395 3876 Diodor.
414 3827 457 3890 22,
477 3828 501 3875 7.

216 3911 262 3979 re)
282 3912 376 3965 Artax.
399 3916 440 3979 rc,
460 3915 502 3964 ιι.

217 4001 261 4069 50)
282 3999 361 4064 Quod
385 4000 421 4053 ad
444 4001 554 4066 ἅρματα
577 4000 777 4067 δρεπανηφόρα
796 3997 930 4066 pertinet,
958 3997 1096 4052 Diodorus
1115 4000 1173 4067 (22,
1194 4002 1220 4069 7)
1238 4000 1323 4056 Arta-

146 4103 256 4142 xerxem
285 4089 358 4156 „odr
385 4085 486 4150 ὀλίγαιι
519 4089 585 4141 ante
617 4087 705 4141 aciem
739 4085 890 4140 collocasse
916 4084 1009 4141 refert.
1055 4086 1128 4141 Item
1155 4089 1324 4145 Plutarchus

146 4177 252 4242 (7,15)
282 4192 428 4229 numerum
457 4175 560 4230 diserte
591 4193 647 4229 non
675 4174 771 4229 tradit.
817 4174 923 4228 Neuter
948 4175 1044 4228 autem
1073 4176 1192 4246 scriptor
1219 4177 1323 4245 Cyrum

146 4265 271 4319 curribus
288 4263 401 4320 falcatis
419 4281 500 4318 usum
520 4281 579 4319 esse
598 4265 688 4319 docet.

217 4358 261 4423 51)
282 4356 330 4408 Καὶ
349 4355 475 4420 ἐμβαλὼν
495 4356 543 4407 cdv
559 4361 618 4408 τοῖς
639 4352 786 4409 {luxoriose
803 4357 865 4420 νικᾷ
883 4354 951 4405 τοὺ(
968 4355 1022 4419 πρὸ
1042 4356 1171 4418 paciscor
1188 4357 1321 4421 τεταγμέ-

144 4460 211 4496 νου(
229 4446 274 4496 καί
293 4443 331 4496 εἰ(
349 4446 443 4511 φυγὴν
463 4444 562 4511 ἔτρεψε
579 4447 646 4499 τοὺ(
665 4441 863 4507 ἑξακιεχιλίουε.
