2954 4980
570 306 788 370 „19-

92 464 262 549 diligentia
298 468 443 555 versatus
477 466 532 550 sit,
564 466 777 530 barbarorum
808 466 904 530 rebus
942 489 962 530 a
989 463 1099 530 Ctesia
1131 466 1260 550 egregie

93 570 275 655 explanatis
299 571 354 636 vix
377 571 570 636 mediocrem
594 595 726 656 operam
749 573 883 638 dedisse.
929 572 1021 649 Quod
1045 590 1160 638 vverum
1192 594 1262 637 esse

93 701 166 743 cum
194 679 375 762 quicunque
399 677 544 743 Anabasi
573 680 727 764 legendae
751 680 888 764 studuit,
916 702 988 744 eum
1016 680 1111 744 facile
1138 701 1263 743 meeum
1302 700 1309 712 ·

93 785 275 851 consentire
304 784 455 869 arbitrer,
484 786 623 871 singulis
652 786 807 871 exemplis
834 809 900 852 non
922 787 1103 851 illustrabo.
1147 784 1263 869 Itaque

94 891 134 954 ad
157 893 246 976 ipsos
270 916 419 958 numeros
443 894 626 978 redeamus,
650 895 706 978 qui
725 898 757 959 et
775 895 861 958 inter
880 918 913 958 se
932 893 1113 979 comparati
1135 897 1168 956 et
1190 915 1263 956 cum

94 999 232 1064 aliorum
270 1001 465 1084 scriptorum
500 1002 643 1067 numeris
681 1003 791 1066 collati
829 1003 893 1066 iam
928 1024 1030 1068 novas
1064 1000 1262 1084 suspiciones

92 1108 231 1172 movent.

183 1214 218 1280 Si
242 1215 327 1281 enim
350 1216 384 1280 in
403 1215 479 1301 Gyri
498 1221 532 1281 et
550 1218 739 1283 Artaxerxis
764 1217 929 1302 copiarum
951 1238 1102 1282 numeros
1125 1216 1159 1280 in
1176 1215 1263 1280 Ana·

94 1318 166 1386 basi
194 1323 355 1388 exhibitos
385 1324 566 1389 accuratius
599 1326 873 1410 inquisiverimuS,
906 1327 1010 1388 artem
1038 1324 1201 1408 quandam
1232 1326 1265 1386 et

94 1433 215 1494 certam
243 1431 402 1496 rationem
425 1432 459 1507 in
482 1433 523 1497 iis
546 1433 650 1497 inesse
674 1437 823 1517 apparet,
852 1455 933 1516 quae
960 1453 1062 1516 neque
1085 1429 1263 1513 transfugis

93 1537 174 1621 ipsis
198 1538 308 1603 deberi
330 1561 434 1622 neque
463 1562 535 1604 eum
559 1540 785 1623 Xenophontis
815 1541 921 1605 studio
947 1540 1107 1603 sinceram
1131 1539 1163 1601 et
1186 1537 1265 1600 inte·

94 1663 187 1726 gram
209 1665 315 1709 rerum
338 1647 529 1711 memoriam
552 1646 710 1730 prodendi
738 1645 920 1712 consentire
948 1645 1081 1710 videtur.
1129 1644 1265 1746 Aeopri-

93 1773 181 1814 mum
207 1751 336 1836 quidem
356 1751 432 1837 Cyri
455 1755 517 1818 toti
541 1755 695 1818 exercitui
718 1775 821 1838 paene
845 1757 972 1817 centum
995 1751 1114 1836 viginti
1138 1751 1264 1815 milium

94 1879 167 1921 eum
195 1858 384 1923 Artaxerxis
413 1860 528 1925 ἑκατὸν
558 1862 609 1924 καὶ
637 1859 734 1924 εἴκοει
762 1860 884 1939 μυριάει
914 1882 981 1924 non
1011 1858 1149 1924 fortuita
1180 1858 1265 1921 ratio

92 1962 290 2028 intercedere
316 1965 451 2031 videtur.
497 1963 559 2030 Sed
583 1970 706 2031 eertum
734 1966 814 2030 illud
842 1967 1014 2031 consilium
1043 1969 1079 2029 ut
1106 1965 1168 2028 hae
1196 1964 1264 2048 qui-

94 2071 167 2134 dem
189 2071 224 2135 in
246 2095 281 2136 re
305 2095 420 2156 parum
443 2074 539 2156 plane
563 2077 726 2158 cernatur,
756 2074 790 2137 in
814 2074 885 2138 aliis
915 2073 1011 2136 rebus
1039 2070 1265 2136 manifestissi-

94 2199 183 2240 mum
206 2182 265 2243 est.

185 2281 313 2352 Collata
332 2288 418 2351 enirn
438 2286 628 2352 Artaxerxis
648 2309 720 2351 cum
740 2285 818 2371 Oyri
837 2286 971 2352 cohorte
991 2286 1163 2371 praetoria,
1183 2308 1265 2371 quae

94 2413 161 2457 non
180 2393 308 2476 quidem
328 2395 390 2459 hoe
412 2396 483 2460 loco
504 2394 559 2459 sed
582 2395 607 2479 I,
622 2396 651 2478 8,
665 2396 705 2458 21
732 2395 867 2478 aliisque
886 2394 966 2470 loeis
986 2398 1266 2475 commemoratur,

95 2500 228 2565 eandem
260 2502 345 2566 inter
378 2524 432 2566 eas
462 2502 623 2566 rationem
657 2524 752 2585 quam
780 2501 866 2565 inter
897 2502 1066 2566 universos
1096 2500 1266 2583 utriusque

95 2607 252 2673 exercitus
279 2607 477 2672 intercedere
505 2609 670 2672 sentimus.
717 2605 779 2672 Sed
807 2608 915 2673 neseio
944 2631 985 2672 an
1012 2608 1092 2673 haee
1118 2608 1202 2672 ratio
1233 2609 1266 2669 et

95 2735 148 2778 ars
174 2715 313 2779 maxime
340 2716 512 2799 perspicua
539 2719 572 2779 et
598 2715 682 2780 mira
709 2719 865 2800 appareat
891 2715 925 2779 in
952 2716 1098 2779 curribus
1126 2712 1265 2796 falcatis,

96 2841 177 2904 quos
206 2820 291 2906 Cyro
324 2823 455 2909 viginti,
488 2823 663 2888 Artaxerxi
695 2822 849 2887 ducentos
881 2822 981 2886 fuisse
1013 2822 1162 2906 legimus.
1212 2819 1266 2884 An

96 2948 173 2992 casu
195 2928 317 2994 factum
341 2950 411 2994 esse
435 2930 616 3012 credamus,
643 2932 681 2992 ut
707 2932 777 2993 tarn
801 2930 963 2994 constanti
986 2950 1192 2993 numerorum
1215 2949 1266 2991 ra-

96 3034 184 3098 tione
208 3035 290 3099 alter
313 3035 469 3099 exereitus
494 3037 630 3099 alterum
655 3033 844 3119 superaret?
885 3035 989 3100 Immo
1014 3035 1093 3117 quin
1115 3034 1266 3097 universa

96 3141 262 3225 utriusque
290 3143 448 3208 exercitus
476 3143 620 3207 recensio
649 3143 690 3206 ab
719 3142 953 3226 interpolatore
976 3141 1030 3205 hic
1053 3141 1205 3206 instituta
1222 3139 1266 3202 sit

96 3247 229 3311 dubium
252 3269 409 3316 essenon
432 3253 548 3335 potest.
1265 3308 1278 3331 ,

186 3352 246 3418 Sed
269 3341 310 3420 ne
333 3356 454 3421 diutius
477 3357 512 3419 in
534 3356 805 3440 interpolatorum
827 3356 924 3439 nugis
948 3359 980 3420 et
1006 3353 1128 3420 fabulis
1151 3374 1266 3437 morer,

96 3460 211 3546 adea,
240 3483 321 3545 quae
351 3463 406 3527 alii
435 3463 621 3547 scriptores,
648 3463 809 3545 imprimis
832 3462 1025 3526 Plutarchus
1049 3466 1082 3525 et
1104 3458 1266 3523 Diodorus

97 3566 135 3631 de
152 3570 295 3633 numeris
315 3574 488 3656 exponunt,
506 3573 722 3634 transeamus!
747 3569 890 3645 Quorum
909 3566 1047 3653 alter40),
1070 3589 1142 3632 cum
1161 3566 1265 3649 primo

95 3673 258 3740 Anabasis
280 3678 424 3741 numeris
439 3677 534 3741 fidem
553 3676 683 3760 habeat,
701 3676 785 3740 unde
805 3679 940 3759 apparet
959 3677 1145 3740 contextum
1159 3672 1266 3737 Xeno-

96 3778 230 3862 phontis
258 3782 323 3846 iam
352 3782 519 3849 Plutarchi
547 3778 747 3867 temporibus
776 3783 889 3846 alienis
920 3780 1111 3847 commentis
1139 3800 1268 3860 corrup·

96 3884 213 3974 cume)
233 3888 348 3975 fuisse,
369 3891 467 3973 paulo
491 3890 576 3954 infra
593 3888 721 3955 Otesiae
750 3885 945 3975 assentiri42)
969 3889 1104 3973 videtur,
1127 3886 1266 3973 quinon

166 4084 211 4150 40)
229 4082 326 4138 Artox.
345 4088 370 4151 7,
389 4088 414 4138 5.

166 4173 212 4238 41)
230 4167 308 4224 Idem
327 4171 472 4227 contendit
489 4172 646 4230 Richterus.

167 4261 213 4328 42)
232 4258 306 4313 Plut.
328 4262 421 4315 Artox.
442 4268 482 4317 13.
520 4263 675 4329 ἐξεληλάκει
703 4262 746 4328 δέ,
774 4262 813 4314 ὡ(
840 4263 856 4314 ὁ
879 4259 992 4327 Κτηείαε
1019 4259 1114 4328 φηάν,
1143 4261 1187 4313 ἐπὶ
1213 4263 1267 4328 τὴν

96 4348 186 4416 μάχην
208 4350 410 4416 τεεεαράκαντα
429 4352 560 4418 μνριάαν.
596 4351 629 4404 Ol
648 4352 679 4404 δὲ
696 4352 759 4417 περὶ
777 4349 906 4404 Δείνωνα
929 4351 973 4401 καὶ
995 4349 1170 4416 Ξενοφῶντα
1194 4349 1265 4400 πολὺ

94 4436 223 4491 πλείονα(
241 4439 364 4502 γενέεθαι
382 4441 489 4505 λέγουει
506 4441 556 4494 τὰ(
575 4441 774 4507 μεμαχημένας.

1015 4533 1031 4579 2
1037 4527 1051 4560 8
