2954 4980
700 288 915 352 ,48-

357 470 466 530 νηεον,
491 448 574 513 ὅπου
598 449 695 529 <portu
716 448 874 527 Ἡρακλέα
896 446 955 527 τὸν
978 446 1011 512 ἐξ
1035 445 1116 529 ᾅδου
1135 445 1296 525 Κέρβερον
1319 442 1402 509 dud·

355 561 478 635 γαγεῖν.

223 663 262 728 X.
293 662 350 748 VI,
374 664 440 746 2,1
474 664 526 727 καὶ
558 662 736 742 ὡρμίεαντο
768 662 856 741 παρὰ
882 658 922 747 rt]
948 658 1165 741 Ἀχερουειάδι
1196 656 1404 743 Χεῤῥονήεψ,

356 771 435 835 ἔνθα
449 771 575 847 λέγεται
590 768 608 833 ὁ
622 769 779 849 Ἡρακλῆα
794 769 846 833 ἐπὶ
864 769 922 834 τὸν
938 771 1096 849 Κέρβερον
1113 767 1193 832 κύνα
1210 769 1404 847 καταβῆναι.
1468 762 1475 787 ·“

313 876 376 941 Sed
398 877 472 941 inde
496 899 515 939 a
540 875 596 954 §4
619 874 780 939 Diodorus
805 875 845 939 ad
867 875 967 940 finem
986 873 1064 959 Cyri
1087 870 1303 958 expeditionis
1326 892 1404 955 pro-

223 1007 341 1069 perans
364 1007 461 1068 quarn
480 983 646 1047 liberrime
673 985 706 1045 et
724 1004 821 1066 quam
840 982 1030 1047 brevissime
1044 977 1269 1064 Xenophontis
1286 998 1406 1043 narra-
1472 1050 1475 1057 ¹

224 1090 346 1155 tionem
374 1088 615 1173 complectitur,
643 1087 691 1151 ita
718 1092 767 1172 ut,
796 1086 1066 1172 quemadmodum
1095 1085 1136 1151 ad
1168 1087 1340 1151 auctorem
1368 1104 1406 1149 so

226 1197 446 1282 applicaverit,
470 1195 497 1259 si
517 1218 536 1258 a
555 1195 662 1259 verbis
681 1194 760 1259 illis:
784 1194 847 1274 „etc
867 1192 1067 1274 Χρυεόπολιν
1086 1197 1148 1273 τῆς
1161 1190 1406 1273 Καλχηδονίαε“

226 1303 279 1389 (X.
302 1302 359 1387 VI,
379 1304 408 1387 6,
423 1301 482 1386 38)
507 1300 757 1385 discesserimus,
779 1300 952 1386 vestigium
970 1301 1097 1366 nullum
1116 1297 1265 1385 indagari
1282 1296 1406 1383 possit.
1466 1368 1472 1379 ¹

103 1455 105 1459 «
226 1410 319 1486 Quod
342 1412 450 1473 autem
475 1408 608 1493 antiqua
631 1409 757 1473 numeri
776 1405 972 1473 Graecorum
995 1407 1107 1492 lectio,
1130 1405 1186 1490 qui
1205 1405 1406 1491 superstites

225 1518 266 1583 ad
289 1515 505 1602 Chrysopolin
530 1519 746 1599 pervenerunt
770 1513 853 1595 ,ἀπὸ
877 1513 997 1595 μυρίων
1019 1513 1181 1594 τριεχίλιοι
1204 1510 1407 1577 ὁκτακόααιιι

227 1647 246 1689 a
269 1624 436 1689 Dindorfio
461 1626 660 1687 commutata
683 1625 732 1686 est
755 1622 789 1685 in
817 1620 902 1702 „dud
926 1619 1046 1701 μυρίων
1069 1619 1292 1700 ὀκτακιεχίλιοι
1315 1638 1407 1699 τρια-

226 1730 351 1811 κόειοιίί,
385 1751 445 1815 ego
477 1729 553 1795 huic
586 1729 807 1794 emendationi
839 1727 1010 1813 astipulari
1037 1749 1103 1792 non
1133 1748 1282 1812 possum,
1316 1724 1408 1810 quod

227 1837 353 1904 Siculus
382 1859 448 1901 non
475 1841 545 1900 tarn
572 1858 760 1920 perversum
787 1836 868 1901 illud
898 1835 1155 1901 additamentum
1185 1833 1226 1898 ad
1253 1831 1406 1917 Xenoph.

226 1943 330 2009 Anab.
348 1943 388 2029 V,
402 1945 437 2028 3,
452 1945 485 2027 3,
510 1944 548 2008 de
571 1966 634 2028 quo
657 1944 729 2008 vide
754 1942 983 2028 disputationis
1007 1945 1134 2026 partem
1158 1939 1189 2025 I,
1212 1939 1408 2025 respexisse,

227 2075 324 2137 quam
343 2051 382 2116 de
400 2073 534 2115 numero
554 2050 751 2116 Graecorum
770 2051 865 2115 initio
885 2049 1099 2134 expeditionis
1118 2050 1233 2112 notato
1252 2045 1406 2131 cogitans

228 2156 328 2243 (XXV,
354 2158 403 2242 19,
422 2158 489 2222 det
504 2155 538 2243 7)
562 2159 729 2241 scripsisse
750 2148 876 2223 videtur
898 2156 995 2237 ,ἀπὸ
1019 2155 1160 2236 μυρίων
1183 2152 1407 2234 τριεχιλίων

228 2264 536 2344 ὀκτακιεχίλιοι“.
583 2263 668 2330 Nam
702 2264 764 2328 etsi
795 2285 947 2328 numerus
980 2262 1036 2326 ille
1068 2260 1326 2342 ,,ὁκτακιεχίλιοι“
1361 2260 1407 2325 ab

230 2372 302 2455 ipso
321 2369 536 2455 Xenophonte
555 2393 715 2454 nusquam
740 2371 859 2435 diserte
882 2373 1029 2448 notatur,
1051 2372 1162 2433 tamen
1185 2390 1205 2433 a
1226 2366 1409 2452 probabili·

228 2482 297 2543 tate
333 2500 401 2542 non
436 2478 609 2544 abhorrere
645 2479 773 2544 videtur
805 2457 982 2542 Diodorum
1016 2475 1272 2541 enumerationes
1304 2472 1409 2539 Grae·

229 2608 340 2651 eorum
363 2583 417 2670 (V,
436 2586 468 2669 3,
482 2585 517 2669 33
539 2585 595 2670 VI,
614 2587 645 2670 2,
662 2583 716 2671 16)
740 2585 860 2650 iniuria
879 2606 917 2648 ex
935 2586 1048 2648 nostra
1067 2581 1220 2667 opinione
1238 2580 1272 2645 in
1293 2580 1408 2665 ipsum

228 2691 376 2776 Xenoph.
400 2695 525 2756 textum
548 2695 664 2776 postea
691 2692 799 2757 illatas
824 2694 1025 2775 spectantem
1049 2691 1081 2753 et
1103 2687 1286 2772 posteriora
1305 2686 1408 2753 Grae-

152 2880 156 2885 ·
230 2822 341 2864 corum
370 2799 404 2863 in
431 2799 547 2863 itinere
576 2798 694 2864 damna
723 2796 794 2885 (VI,
817 2800 848 2883 3,
867 2798 887 2863 5
908 2801 941 2861 et
959 2796 1015 2881 VI,
1038 2796 1068 2880 4,
1087 2794 1144 2880 24)
1173 2818 1281 2861 secum
1309 2816 1407 2880 repu-

230 2910 354 2970 tantem
378 2905 554 2969 exercitum
578 2903 771 2969 Graecorum
777 2889 800 2989 ,⁶
814 2927 887 2969 cum
911 2904 951 2968 ad
975 2901 1193 2987 chrysopolin
1213 2903 1408 2987 pervenerit,

230 3016 357 3077 tantum
382 3010 619 3090 ὀκτακιεχιλίυιε
648 3034 743 3075 usum
771 3034 841 3076 esse
868 3010 1051 3075 coniecisse.
1089 3009 1270 3094 Utcumque
1294 3012 1408 3075 autem

230 3142 282 3183 res
302 3122 360 3203 est,
378 3117 439 3182 hcc
463 3117 699 3201 respiciendum
719 3123 778 3203 est,
798 3117 934 3184 Diodori
953 3116 1092 3202 quidem,
1113 3138 1178 3181 non
1197 3116 1263 3181 iam
1275 3114 1409 3202 Ephori

232 3229 337 3290 aetate
366 3224 621 3289 additamentum
648 3225 729 3289 illud
757 3224 839 3305 „dud
863 3224 1001 3305 μυρίωνιι
1030 3227 1062 3287 et
1085 3225 1217 3290 omnino
1241 3245 1407 3289 enumera·

232 3334 337 3398 tiones
360 3331 433 3396 illas
457 3331 599 3395 militum
622 3331 662 3416 V,
685 3333 715 3417 3,
729 3333 763 3416 33
786 3331 843 3416 VI,
867 3332 968 3417 216,
997 3353 1076 3415 quas
1100 3330 1326 3417 interpolatori
1349 3330 1407 3395 tri·

231 3439 373 3522 buimus,
396 3438 431 3502 in
448 3436 673 3521 Xenophontis
697 3441 883 3503 contextum
905 3437 1028 3502 inserta
1050 3436 1150 3501 fuisse
1173 3441 1224 3502 est
1242 3437 1403 3527 credibile.

232 3546 304 3622 Qua
327 3545 526 3629 cogitatione
549 3551 716 3629 permotus
740 3545 846 3610 faeere
870 3567 935 3609 non
953 3566 1101 3629 possum,
1124 3544 1215 3629 quin,
1237 3544 1265 3609 si
1283 3545 1319 3609 in
1336 3566 1407 3609 ver-

231 3654 283 3718 bis
311 3652 377 3717 illis
410 3650 493 3732 „dud
518 3650 655 3731 μυρίων“
686 3652 928 3717 subsistendum
956 3672 1026 3715 esse
1053 3650 1195 3735 placeat,
1224 3649 1406 3716 Diodorum

233 3761 340 3843 ipsum
362 3758 613 3843 Xenophontem
636 3758 669 3821 in
693 3758 840 3823 manibus
864 3758 1017 3823 habuisse
1040 3779 1099 3842 pro
1123 3760 1211 3822 certo
1238 3755 1407 3823 affirmem.

321 3865 411 3931 Haec
435 3870 518 3950 sunt,
541 3864 657 3950 quibus
685 3864 936 3948 Xenophontem
960 3887 1031 3928 cum
1050 3863 1194 3928 Diodoro
1218 3886 1407 3948 comparan-

234 3974 310 4038 dum
334 3994 403 4036 esse
423 3993 579 4036 censeam.
616 3970 705 4047 Quae
724 3993 920 4057 quamquam
938 3994 1004 4037 non
1028 3971 1176 4036 omnibus
1199 3970 1235 4034 in
1256 3970 1407 4055 partibus

233 4103 292 4164 pro
307 4080 403 4144 certis
419 4077 658 4163 exploratisque
672 4079 841 4162 habentur,
860 4082 990 4143 tantum
1004 4079 1126 4162 legenti
1139 4099 1191 4141 me
1205 4076 1409 4161 persuasisse

235 4208 339 4271 spere,
357 4185 493 4250 Diodori
510 4185 738 4270 narrationem,
757 4186 887 4250 brevem
906 4186 1034 4269 quidem
1053 4189 1086 4249 et
1105 4207 1202 4268 saepe
1216 4182 1409 4248 mendosam

235 4315 273 4356 ex
295 4293 374 4377 ipsis
393 4290 619 4374 Xenophontis
643 4292 737 4357 libris
760 4293 935 4357 maximam
958 4294 1085 4377 partem
1109 4313 1178 4356 esse
1201 4291 1362 4355 haustam.

646 4467 993 4486 *⁶*-
