2954 4980
632 271 851 334 ...23-

158 429 285 495 dicatur
298 427 379 516 (700
391 432 430 512 -Ι-
443 428 532 515 300),
551 431 624 514 plus
644 429 777 494 dimidio
797 432 977 496 detractum
984 429 1023 516 ⁵⁸)
1040 454 1110 497 esse
1125 433 1331 497 statuendum

157 540 218 620 est,
236 558 274 600 ea
293 540 351 616 est,
371 558 452 620 quae
471 558 624 622 magnam
641 538 736 603 nobis
754 537 969 622 suspicionem
984 543 1122 605 moveat.
1147 538 1208 604 Sed
1223 541 1332 606 neseio

159 668 199 709 an
226 645 309 709 nihil
337 644 442 730 magis
470 644 654 729 displiceat,
681 667 778 730 quam
806 644 886 710 illud
915 647 964 725 „0‘1
992 647 1154 728 Κλεάρχου
1183 649 1331 738 Θρᾷκεόί

157 750 241 817 Nam
270 774 343 817 oum
370 751 395 837 I,
415 753 445 839 2,
466 754 485 817 9
515 752 713 819 aOlearoho
743 753 936 832 „retrocedit
961 755 1086 838 Θρᾷκα(
1110 754 1332 819 ὀκτακοείου(ιι

157 859 331 925 conductos
365 882 449 945 esse,
476 859 518 944 Il,
536 861 605 945 2,7
635 863 742 924 autem
772 864 856 939 ,πῶν
889 864 996 927 πεζῶν
1024 863 1176 944 Θρᾳκῶνίι
1205 861 1331 926 circiter

156 969 320 1033 trecentos
343 967 537 1051 Miltocythe
567 968 646 1032 duce
674 968 714 1032 ad
738 989 847 1053 regem
871 966 1131 1054 transfugisse⁵⁰)
1155 968 1330 1032 memoriae

156 1075 312 1140 traditum
350 1075 410 1158 sit,
446 1074 658 1138 nihilominus
694 1074 747 1138 hio
780 1075 978 1159 septingenti
1009 1075 1151 1139 Thraces
1183 1073 1331 1140 Olearehi

157 1186 394 1248 enumerantur.
443 1180 514 1246 Iam
546 1203 623 1246 vero
656 1204 728 1246 oum
762 1183 933 1247 πελταεταὶ
962 1183 1084 1265 Θρᾷκε(
1116 1183 1157 1246 ab
1187 1182 1241 1266 iis,
1275 1183 1330 1266 qui

155 1290 285 1376 11‚2,r
314 1290 347 1354 in
381 1288 565 1354 universum
596 1291 687 1356 πεζοὶ
715 1292 836 1374 Θρᾷκες
864 1290 1083 1376 appellantur,
1115 1289 1205 1353 nullo
1233 1289 1329 1354 modo

157 1397 302 1481 separari
323 1396 453 1481 possint
474 1417 577 1481 neque
601 1397 733 1462 omuino
751 1397 785 1460 in
805 1399 875 1461 toto
895 1396 1092 1461 Graecorum
1112 1397 1253 1462 exercitu
1273 1396 1329 1460 alii

154 1505 295 1571 Thraces
331 1503 631 1589 deprehendantur,
668 1505 703 1568 in
739 1505 800 1568 hae
836 1504 1042 1586 potissimum
1079 1504 1327 1569 ratiocinatione

156 1611 350 1698 gravissima
373 1611 413 1675 ad
437 1610 664 1694 suspicandum
689 1633 768 1675 ansa
790 1610 948 1695 praeberi
961 1611 1110 1696 videtur,
1132 1611 1231 1697 quod,
1257 1633 1329 1675 oum

154 1717 293 1783 Thraces
313 1718 396 1801 illos,
420 1722 535 1782 octava
553 1721 681 1782 tantum
701 1721 793 1802 parte
813 1718 980 1803 copiarum
999 1719 1129 1804 amissa,
1152 1719 1327 1784 maximam

152 1829 279 1909 partem
312 1824 474 1909 integram
507 1846 651 1890 servasse
685 1825 870 1909 audiamus,
903 1848 941 1890 ex
974 1826 1109 1910 reliquis
1138 1825 1239 1910 copiis
1267 1826 1329 1891 lev.

154 1955 246 2016 arm,
274 1954 353 2016 quas
378 1929 564 2015 Clearchus,
591 1931 772 2015 Proxenus,
800 1931 932 2018 Menon,
958 1932 1077 1998 Pasion
1100 1933 1328 2017 conduxerant,

152 2041 315 2104 trecentos
348 2038 574 2104 tantummodo
611 2039 645 2102 in
683 2043 827 2124 extrema
859 2040 917 2103 illa
948 2041 1135 2105 recensione
1168 2042 1328 2105 exereitus

153 2147 294 2230 separati
323 2146 519 2230 superfuisse
549 2146 714 2210 doeemur!
759 2144 877 2210 Nonne
905 2147 966 2210 hoo
994 2169 1067 2212 oum
1096 2147 1185 2211 omni
1209 2148 1328 2230 proba-

151 2253 279 2318 bilitate
302 2251 450 2339 pugnat?

243 2358 366 2435 Quibus
391 2359 496 2425 causis
519 2363 700 2425 commotus
724 2363 830 2424 totum
854 2361 961 2425 locum
987 2361 1231 2447 expungendum
1256 2384 1326 2427 esse

151 2489 275 2533 censeo.

240 2575 292 2639 Ita
311 2596 384 2639 cum
403 2596 508 2639 resse
527 2574 647 2640 habere
665 2574 846 2660 videantur,
865 2599 962 2661 quam
978 2581 1147 2661 corruptus
1162 2577 1325 2641 Anabasis

152 2683 321 2747 contextus
355 2682 413 2766 sit,
445 2685 477 2746 et
509 2682 634 2746 ratione
662 2682 790 2766 quidem
817 2687 853 2747 ‘et
881 2687 963 2768 arte,
996 2687 1032 2746 ut
1059 2684 1124 2746 iam
1152 2682 1325 2748 Richterus

151 2789 330 2875 contendit,
352 2785 450 2854 novis
468 2789 665 2854 testimoniis
689 2791 897 2855 confirmasse
920 2791 999 2855 mihi
1022 2790 1142 2856 videor.

630 2989 841 2996 —————

523 3128 760 3213 Epimetrum
785 3129 829 3193 ad
853 3152 882 3212 p.
903 3129 953 3193 13.

220 3270 344 3323 Primum
363 3269 437 3323 enim
456 3271 556 3324 haereo
576 3298 609 3307 -
628 3267 659 3322 id
677 3268 751 3336 quod
770 3267 828 3322 iam
847 3267 983 3322 Cobetum
1007 3266 1123 3323 offendit
1141 3271 1211 3336 ὑπὲρ
1233 3271 1323 3336 Κύρου

150 3358 211 3412 sola
226 3349 331 3412 'addita
353 3374 413 3413 esse
436 3359 529 3412 ratum
548 3357 630 3412 -in
652 3357 765 3411 nomine
785 3356 850 3426 Cyri
872 3357 990 3412 moleste
1013 3357 1148 3428 repetito,
1173 3360 1324 3428 postquam

149 3447 234 3501 antea
259 3446 290 3500 in
317 3447 416 3501 eodem
443 3445 589 3502 enuntiato
617 3445 660 3500 bis
683 3445 849 3516 pronomina
872 3448 960 3518 αὐτοῦ
985 3448 1014 3515 et
1035 3449 1098 3514 περὶ
1121 3449 1208 3502 αὐτόν
1232 3447 1266 3502 de
1290 3465 1323 3502 eo

149 3537 283 3605 usurpata
305 3537 378 3591 sunt.
416 3535 487 3589 Tum
509 3535 587 3590 nullo
610 3536 694 3591 modo
717 3535 830 3590 defendi
848 3551 929 3605 posse
954 3535 1074 3590 arbitror
1099 3535 1323 3604 Xenophontem,

220 3700 266 3765 58)
288 3697 350 3750 Hoc
377 3712 487 3764 quoque
514 3695 593 3750 volet
620 3695 727 3764 aliquid
757 3695 793 3749 ad
817 3694 1004 3765 suspicionem
1031 3694 1219 3764 excitandam,
1248 3696 1322 3763 quod

148 3785 196 3855 IV,
215 3790 244 3853 8,
265 3790 298 3841 15
321 3800 452 3839 numerus
476 3785 547 3839 levis
570 3800 638 3840 arm.
658 3784 687 3837 in
709 3786 767 3839 tres
788 3785 885 3853 partes
904 3783 1023 3854 divisae,
1049 3799 1105 3838 non
1128 3783 1219 3838 minus
1238 3802 1323 3854 quam

150 3878 218 3928 1800
236 3874 340 3930 milites
359 3873 497 3930 effecerat.
1228 3929 1231 3934 .

220 3963 263 4031 59)
284 3963 364 4030 Quod
383 3962 505 4018 Thraces
524 3964 585 4017 tum
602 3962 680 4019 πεζοί
698 3980 754 4019 non
777 3962 936 4031 πελταεταί,
956 3964 988 4016 ut
1005 3962 1031 4031 l,
1051 3967 1080 4029 2,
1100 3968 1116 4016 9
1136 3961 1322 4032 appellantur,

148 4052 267 4108 efficitur
284 4053 469 4123 praecedente
487 4053 625 4108 vocabulo
644 4052 750 4109 ἱππέας.
781 4053 827 4107 Ita
844 4051 920 4107 enim
937 4050 967 4107 vi
985 4052 1107 4121 quadam
1127 4053 1216 4106 ἱππεῖ(
1228 4055 1321 4107 πεζοῑε

148 4143 333 4212 opponuntur.
353 4172 386 4181 —
406 4141 538 4214 Ceterum
556 4142 591 4196 de
609 4143 703 4195 turma
721 4141 845 4210 equitum
865 4157 921 4196 non
941 4142 984 4196 cst
1002 4140 1201 4209 dubitandum,
1224 4157 1321 4208 quam-

148 4246 232 4298 quam
251 4246 347 4285 eorum
365 4245 456 4298 neque
475 4229 505 4285 in
524 4247 609 4285 censu
628 4229 758 4301 militum,
776 4229 858 4285 initio
877 4228 1061 4300 expeditionis
1080 4229 1165 4298 facto,
1184 4246 1273 4299 neque
1292 4230 1321 4284 in

146 4319 209 4390 ipsa
227 4337 323 4390 pugna
341 4319 447 4374 mentio
465 4320 505 4376 fit.
538 4319 657 4374 Videtur
675 4322 769 4375 turma
787 4319 838 4374 illa
857 4319 948 4390 exiis,
968 4319 1016 4386 qui
1031 4336 1116 4388 equos
1131 4319 1320 4390 possidebant,

146 4407 176 4462 in
193 4426 278 4463 unum
299 4410 397 4464 coacta
415 4424 483 4464 esse.
