2954 4980
595 336 812 399 ..47-

120 501 212 562 ratos
232 518 302 561 esse
320 498 461 561 testatur
480 498 550 562 eius
569 495 655 560 modi
674 495 802 559 ratione
820 493 915 558 facile
935 493 1076 577 expediri
1094 493 1233 577 videtur,
1256 496 1294 556 ut

113 604 214 668 'illum
236 604 368 688 plenum
392 596 532 688 aliquem
556 602 680 666 dierum
698 622 869 665 numerum
891 600 1033 666 indicare
1052 599 1206 664 maluisse
1231 601 1294 662 sta·

120 716 261 778 tuamne.
306 709 355 776 Ac
382 732 423 774 ne
450 710 485 774 in
511 704 670 793 proximis
701 709 829 793 quidem
853 729 904 788 ea,
933 727 996 790 qua
1018 729 1078 791 par
1106 709 1188 790 erat,
1217 727 1294 769 cura

121 801 155 883 et
182 818 351 903 diligentia
378 840 429 881 res
454 840 474 881 a
497 816 710 900 Xenophonte
739 817 824 880 clare
853 818 885 879 et
913 813 1007 898 plane
1039 814 1229 899 explanatas
1259 813 1294 875 in

120 926 243 991 librum
266 947 360 990 suum
383 923 618 1008 transscripsit.
663 921 750 987 Nam
778 925 950 1006 postquam
974 920 1114 986 Graecos
1139 943 1212 986 cum
1235 919 1294 983 im·

120 1032 315 1118 pedimentis
348 1030 493 1117 Cotyora
523 1032 661 1097 navibus
692 1033 896 1095 transvectos
928 1024 1193 1115 (διακομιεθῆναι)
1224 1048 1294 1091 esse

121 1143 289 1204 narratum
314 1142 373 1222 est,
396 1139 466 1222 ipse
490 1140 589 1223 locus,
614 1161 678 1223 quo
696 1161 796 1203 naves
815 1137 971 1221 appulsae
991 1157 1061 1200 esse
1080 1134 1166 1218 apud
1187 1133 1294 1197 Xeno-

122 1245 277 1331 phontem
301 1245 435 1329 legitur,
464 1268 483 1309 a
506 1243 650 1310 Diodoro
673 1267 715 1309 ne
737 1245 836 1310 verbo
861 1243 991 1328 quidem
1014 1234 1294 1323 commemoratur,

103 1352 179 1418 ,sed
208 1352 300 1436 quasi
328 1352 419 1415 nulla
447 1351 485 1415 de
513 1373 550 1416 eo
580 1351 741 1416 dubitatio
770 1353 907 1416 existere
934 1350 1092 1435 potuerit,
1120 1350 1294 1433 insequens

123 1459 327 1531 enuntiatum
351 1459 392 1523 ab
414 1458 467 1523 his
491 1457 619 1543 incipit,
643 1458 679 1538 „a
704 1460 739 1523 δὲ
764 1458 909 1537 (ινώπηα
932 1461 996 1522 κτλ.
1033 1454 1102 1520 Ν11
1124 1458 1234 1519 tamen
1254 1453 1294 1517 ad

123 1567 230 1651 ipsam
255 1566 368 1630 urbem
392 1561 560 1649 Sinopam,
589 1565 643 1630 sed
672 1565 713 1630 ad
737 1565 842 1630 vicum
865 1563 1042 1649 Armencn,
1070 1562 1157 1626 haud
1183 1560 1295 1646 procul

124 1673 165 1737 ab
188 1673 267 1738 urbe
291 1675 403 1756 situm,
431 1671 572 1737 Graecos
597 1672 761 1758 appulisse
786 1695 805 1736 a
826 1670 1043 1757 Xenophonte
1070 1668 1295 1752 comperimus.

126 1779 230 1864 Atque
259 1780 357 1844 etiam
384 1779 418 1842 in
440 1779 590 1864 proxima
612 1799 756 1865 paragr.,
783 1782 821 1843 ut
842 1779 922 1843 haec
946 1779 1095 1861 deinceps
1119 1776 1296 1859 absolvam,

124 1885 243 1971 habeo,
271 1887 357 1971 quod
384 1886 565 1952 Diodorum
593 1887 819 1973 neglegentiae
848 1908 1003 1952 accusem.
1048 1883 1180 1949 Etenim
1211 1904 1294 1947 com·

76 2011 78 2015 ’
124 1993 254 2076 paranti
286 1993 366 2058 mihi
398 1994 625 2077 Xenophontis
663 1999 697 2058 et
724 1994 859 2058 Diodori
890 1992 1124 2078 expositionem
1162 1989 1295 2054 dubium

123 2092 191 2165 non
213 2122 284 2164 esse
306 2101 442 2185 videtur,
466 2100 543 2184 quin
562 2090 723 2165 Diodorus
744 2122 851 2164 rerum
871 2122 1029 2165 conexum
1047 2119 1161 2181 parum
1180 2118 1296 2161 curans
1363 2121 1366 2125 ·

124 2205 321 2290 liberiusque
349 2191 446 2291 quam
475 2206 649 2271 adversarii
678 2206 883 2290 suspicantur
905 2204 1129 2291 Xenophontis
1155 2202 1297 2287 vestigia

125 2335 275 2399 sequens,
301 2335 351 2377 res
373 2314 458 2378 inter
483 2335 516 2378 se
540 2312 749 2378 cohaerentes
774 2335 871 2397 quam
895 2313 1033 2377 maxime
1058 2309 1297 2376 commiscuerit

125 2422 158 2484 et
184 2421 432 2504 perturbaverit.
478 2419 627 2485 Debebat
655 2419 755 2504 enim,
789 2422 962 2503 antequam
991 2416 1222 2501 Chirisophum
1250 2417 1296 2480 in-

124 2527 212 2593 fecta
234 2550 269 2594 re
290 2527 423 2593 rediisse
442 2530 724 2610 commemoraret,
747 2525 888 2591 Graecos
909 2549 928 2590 a
947 2523 1180 2610 Sinopensibus
1200 2524 1295 2588 bene·

125 2633 345 2699 volentissime
377 2637 526 2717 receptos
559 2655 629 2698 esse
662 2655 832 2718 exponere.
883 2632 984 2708 Quem
1012 2653 1118 2695 rerum
1151 2629 1295 2694 ordinem

126 2763 198 2806 cum
217 2763 332 2824 parum
354 2743 493 2825 teneret,
515 2741 567 2805 vel
591 2741 689 2805 etiam
712 2740 815 2825 iniqui
836 2739 988 2823 colloquii
1007 2736 1204 2802 Graecorum
1223 2758 1296 2800 cum

126 2847 244 2932 legatis
273 2845 500 2930 Sinopensium
527 2847 728 2913 meminisset
756 2846 810 2933 (V,
829 2846 859 2931 5,
874 2847 996 2930 8—-123
1023 2841 1184 2930 13-23),
1212 2843 1297 2908 hane

126 2954 285 3020 rationem
309 2954 515 3039 excogitavit,
538 2958 575 3019 ut
597 2934 729 3039 praeter
749 2954 1021 3039 exspectationem
1046 2949 1098 3039 (οὐ
1120 2954 1181 3032 μὴν
1200 2946 1297 3035 ἀλλά)

127 3059 241 3124 Graeci
264 3062 341 3144 post
363 3056 550 3142 Chirisophi
573 3061 666 3124 illum
689 3060 830 3124 reditum
854 3084 874 3125 a
897 3057 1130 3143 Sinopensibus
1153 3056 1297 3141 hospitio

127 3166 248 3249 recepti
280 3187 350 3231 esse
375 3163 569 3230 viderentur.
616 3165 667 3228 An
695 3164 830 3250 Ephoro
864 3166 937 3249 quis
970 3164 1080 3228 omnia
1108 3163 1189 3229 haec
1216 3162 1298 3226 vitia

126 3273 286 3357 imputet?
321 3271 440 3336 Immo!
481 3269 564 3336 Sunt
581 3273 714 3356 propria
731 3273 796 3337 ista
813 3270 978 3337 Diodoreo
998 3270 1160 3337 scribendi
1178 3269 1298 3354 generi,

127 3380 257 3464 quires
281 3402 300 3443 a
322 3378 540 3463 Xenophonte
563 3379 660 3462 plane
683 3381 851 3445 enarratas
874 3376 1009 3442 liberius
1034 3398 1130 3460 quam
1154 3375 1298 3459 decebat,

128 3487 348 3573 composuerit
369 3506 470 3568 eoque
495 3485 727 3550 obscuraverit.
768 3482 978 3568 Singulorum
998 3485 1107 3547 autem
1126 3482 1297 3546 verborum

126 3593 296 3677 perspicua
323 3591 481 3677 quaedam
511 3592 690 3656 similitudo
717 3614 759 3656 ne
786 3591 821 3655 in
848 3591 900 3655 his
932 3590 1061 3675 quidem
1085 3588 1298 3653 desideratur:

127 3699 167 3764 D.
199 3700 220 3764 3
243 3701 445 3779 παρεγενήθη
464 3699 500 3762 δὲ
520 3699 659 3764 ἐνταῦθα
677 3700 728 3764 καὶ
748 3683 937 3778 >capitoque
956 3697 975 3760 ὁ
994 3696 1075 3775 πρὸ(
1092 3696 1149 3760 τὰ(
1163 3697 1298 3776 τριήρει(

260 3805 497 3884 ἀπεεταλμένο(
521 3804 689 3884 ἄπρακτος.

127 3913 168 3978 Χ.
199 3911 256 3996 VI,
277 3912 362 3995 1,16
387 3913 443 3976 Καὶ
462 3912 652 3993 Χειρίεοφοε
670 3914 809 3978 ἐνταῦθα
827 3913 917 3996 ἦλθε,
942 3909 1012 3975 ὁδ’
1030 3912 1088 3992 ἦγε
1112 3912 1170 3991 μὲν
1193 3909 1296 3974 οὐδέν.

126 4020 167 4086 D.
199 4020 411 4101 φιλοφρόνως
434 4019 551 4084 αὐτοὺ(
573 4019 759 4087 ξενίεαντεε.

127 4125 166 4192 X
200 4126 354 4192 15013101
379 4128 414 4192 δὲ
438 4130 525 4195 ξένια
548 4129 706 4207 πέμπουει
729 4133 797 4193 τοῖς
816 4126 973 4206 “ethnon
1225 4195 1228 4201 ,

216 4234 353 4319 Propius
395 4235 493 4299 etiam
535 4234 576 4299 ad
617 4234 843 4320 Xenophontis
884 4233 1099 4298 elocutionem
1143 4232 1299 4296 accedunt

127 4342 288 4426 proxima:

128 4446 169 4513 D.
200 4449 252 4513 καὶ
279 4448 477 4528 καθωρμίεθη
501 4451 563 4513 πᾶ(
591 4449 610 4512 ὁ
634 4448 746 4513 croto(
775 4449 855 4527 πρὸ(
878 4449 937 4527 τὴν
960 4445 1163 4526 Ἀχερουείαν
1187 4445 1298 4526 χερρό-
