2954 4980
622 291 840 356 -30-

278 451 387 516 πείεαε
421 452 581 532 βούλεται,
615 453 736 528 λεγέτω
768 451 840 516 τίνα
872 449 965 530 χάριν
992 450 1067 529 ἡμῖν
1095 445 1167 512 ἀντὶ
1194 446 1326 512 τούτων

280 557 371 624 ἀξίαν
394 558 495 623 δώεει.
1189 631 1194 640 ,

145 663 185 728 Χ.
209 666 257 729 10.
281 664 365 730 Ἀλλ’
389 666 453 742 ἐγὼ
478 664 627 744 θαυμάζω
651 664 773 743 πότερα
796 664 841 728 ὼε
863 667 990 743 κρατῶν
1015 662 1157 743 βαειλεὺε
1180 659 1266 725 αἰτεῖ
1285 659 1325 725 τὰ

280 772 367 838 ὅπλα
394 775 413 852 ἢ
437 771 482 834 ιῖιε
506 772 558 835 διὰ
581 771 692 850 φιλίαν
716 775 813 850 δῶρα.
837 771 864 835 εἰ
888 772 946 850 μὲν
969 771 1030 848 γὰρ
1053 768 1098 832 ιῖιε
1120 769 1262 846 κρατιῖιν,
1295 766 1324 830 τί

280 885 329 944 δεῖ
363 879 463 946 αὐτὸν
496 877 597 942 αἰτεῖν
624 878 675 942 καὶ
703 878 741 941 οὐ
770 881 881 957 λαβεῖν
908 877 1059 960 ἐλθόντας
1091 875 1118 939 εἰ
1146 875 1181 937 δὲ
1212 872 1324 937 asico(

282 988 430 1067 βούλεται
458 989 581 1065 λαβεῖν,
610 985 731 1061 λεγέτω
761 984 791 1047 τί
818 983 904 1048 ἔτται
926 987 994 1047 τοῖς
1018 981 1236 1067 ετρατιώταιε,
1264 980 1323 1046 ἐὰν

282 1094 368 1177 αὐτῷ
392 1097 492 1156 ταῦτα
515 1091 715 1171 χαρίεωνται.

236 1199 395 1275 Quoniam
419 1203 528 1264 autem
552 1199 699 1283 singulae
725 1199 888 1263 orationes
911 1197 1047 1263 diversis
1067 1197 1275 1280 praetoribus
1283 1191 1324 1282 14)

146 1307 336 1370 tribuuntur
359 1329 463 1391 neque
487 1306 564 1371 ordo
584 1306 786 1390 loquentium
806 1305 891 1368 idem
910 1307 960 1368 est
977 1325 1081 1387 neque
1099 1304 1171 1388 ipsa
1188 1303 1325 1369 nomina

147 1414 234 1478 inter
252 1437 285 1478 se
306 1417 487 1498 congruunt
494 1411 542 1498 ¹⁵),
560 1413 739 1497 Ephorum,
759 1413 787 1478 si
800 1413 896 1477 modo
910 1411 1159 1507 Xenophontem
1173 1410 1326 1504 inspexit,

148 1522 242 1586 alteri
266 1522 349 1586 fonti
372 1521 444 1605 plus
468 1521 620 1604 ponderis
644 1520 797 1585 tribuisse
818 1521 960 1603 apparet.
997 1516 1065 1602 Ipsi
1084 1518 1171 1584 enim
1189 1517 1327 1603 Ephoro

148 1627 283 1692 Diodori
311 1628 532 1692 narrationem
560 1628 612 1691 vel
642 1627 713 1692 ideo
737 1627 962 1691 vindicandam
986 1647 1056 1689 esse
1079 1647 1208 1710 censeo,
1241 1625 1329 1710 quod

148 1736 286 1821 vestigia
327 1736 407 1800 artis
439 1735 639 1818 rhetoricae,
675 1734 856 1817 ubicunque
888 1732 922 1796 in
956 1731 1155 1818 bibliotheca
1187 1737 1330 1818 exstant,

150 1840 252 1906 veluti
274 1841 380 1905 nostri
403 1841 519 1924 capitis
543 1861 672 1925 paragr.
691 1843 711 1904 2
735 1863 803 1905 non
824 1841 863 1904 ad
883 1840 990 1924 ipsum
1009 1839 1189 1904 Diodorum
1209 1841 1266 1904 sed
1288 1840 1330 1904 ad

152 1947 345 2030 discipulum
368 1927 462 2010 illum
485 1946 640 2012 Isocratis
664 1948 824 2032 imprimis
848 1947 1016 2011 referenda
1039 1968 1109 2010 esse
1132 1969 1217 2012 nunc
1241 1948 1331 2011 inter

151 2076 263 2119 omnes
288 2057 422 2118 constat.
460 2053 548 2129 Quae
572 2077 643 2120 curn
667 2055 715 2118 ita
739 2055 813 2139 sint,
837 2054 891 2119 vix
914 2057 1025 2117 tamen
1044 2053 1082 2116 de
1103 2055 1205 2119 altero
1225 2053 1331 2138 fonte,

151 2185 246 2247 quem
260 2161 429 2244 Ephorum
444 2160 630 2226 adhibuisse
645 2163 857 2246 suspicamur,
876 2163 998 2225 certum
1012 2159 1168 2224 iudicium
1186 2160 1332 2243 proferri

150 2272 267 2353 potest.
314 2267 454 2332 Tantum
486 2272 594 2333 autem
618 2269 801 2334 coniectura
825 2268 1041 2352 assequimur,
1068 2291 1107 2332 ex
1131 2266 1334 2350 Sophaeneti

150 2371 343 2459 Anabasiffi)
364 2412 405 2419 —
426 2374 457 2437 id
482 2376 567 2458 quod
585 2375 863 2460 Volquardsenius
888 2372 1097 2458 contendit17)
1119 2412 1160 2421 —
1180 2395 1232 2438 res
1251 2375 1332 2438 illas

151 2483 185 2546 in
204 2481 364 2565 colloquio
391 2486 480 2547 actas
505 2481 545 2544 ab
564 2480 698 2564 Ephoro
714 2503 784 2550 ,non
802 2503 872 2545 esse
890 2481 1035 2546 haustas.
1067 2481 1198 2546 Etenim
1216 2481 1333 2546 nescio

152 2613 193 2654 an
218 2589 258 2654 ab
283 2588 370 2652 omni
393 2588 623 2671 probabilitate
647 2589 829 2672 abhorreat,
853 2589 948 2652 aliter
972 2585 1213 2672 aSophaeneto
1236 2610 1333 2672 prae-

151 2701 237 2780 tore,
262 2696 317 2780 qui
340 2695 426 2760 haud
451 2696 547 2760 dubie
572 2696 732 2779 colloquio
756 2692 849 2781 111118)
869 2696 1037 2777 intererat,
1061 2697 1157 2760 aliter
1180 2717 1200 2759 a
1221 2694 1333 2761 Xeno-

151 2803 292 2886 phonte,¹
319 2803 386 2886 qui,
421 2803 449 2865 si
476 2824 542 2866 non
571 2803 640 2885 ipse
668 2799 843 2887 concilii19)
871 2803 1047 2887 particeps,
1079 2806 1189 2867 tamen
1217 2824 1332 2867 rerum

152 2908 368 2993 peritissimus
402 2910 485 2985 erat,
517 2908 650 2972 nomina
682 2930 793 2973 eorum
826 2909 881 2992 qui
907 2907 1045 2974 Phalino
1078 2910 1334 2994 respondebant,

153 3038 222 3080 esse
255 3014 406 3078 exhibita.
452 3013 523 3077 Iam
554 3037 626 3079 cum
660 3015 700 3079 ab
729 3016 784 3100 iis,
818 3016 872 3099 qui
900 3016 935 3080 in
961 3018 1102 3081 exercitu
1131 3015 1332 3080 Graecorum

152 3125 260 3204 erant,
293 3143 331 3184 ea
360 3121 493 3185 nomina
521 3124 719 3187 commutata
746 3144 816 3187 esse
844 3143 973 3207 negem,
1006 3124 1046 3187 ad
1073 3123 1248 3188 Phalinum
1276 3125 1333 3188 vel

153 3225 359 3312 Ctesiamffl),
387 3250 467 3311 quos
495 3229 530 3292 in
557 3230 727 3294 nominum
755 3252 878 3295 errores
907 3230 1047 3295 incidere
1074 3230 1220 3313 potuisse
1246 3231 1333 3295 veri·

225 3444 269 3511 14)
288 3441 417 3495 Ceterum
436 3439 628 3496 admonuerim
645 3440 799 3496 Diodorum
819 3441 903 3498 duces
921 3441 1071 3511 legationis
1090 3458 1184 3496 amore
1204 3441 1331 3510 quodam

154 3530 383 3598 ἀρχιπρετβευτάε
402 3529 553 3598 appellare,
574 3529 669 3585 confer
687 3529 786 3585 etiarn:
806 3530 866 3599 XII,
886 3536 928 3598 53,
948 3537 977 3599 ῖς
996 3531 1069 3600 ΧΙΙΙ,
1089 3536 1132 3597 52,
1151 3537 1176 3584 2.

226 3621 269 3689 15)
286 3620 318 3673 X.
334 3619 367 3687 Il,
384 3624 408 3687 1,
424 3624 457 3671 10
477 3619 613 3686 Κλεάνωρ,
633 3617 678 3672 cui
692 3619 843 3688 respondet
857 3619 931 3688 apud
944 3618 1025 3674 Diod.
1036 3618 1122 3687 XXV,
1138 3627 1153 3673 6
1168 3619 1330 3688 (ωκράτηε,

153 3709 186 3762 Χ.
208 3715 239 3762 12
259 3710 431 3774 Θεόπομπος,
450 3705 483 3760 D.
504 3712 519 3760 6
539 3707 672 3774 (ώφιλοε.

227 3799 271 3867 16)
284 3797 360 3851 Idem
371 3796 479 3868 cogitat
487 3797 676 3852 Rehdantzius
686 3797 716 3852 in
725 3797 898 3867 praefatione
909 3798 946 3852 ad
954 3796 1243 3866 Xenophhnahpag.
1253 3796 1329 3851 XXI.

227 3886 435 3956 17)Pag.132.
913 3900 916 3908 ·

227 3976 270 4044 18)
298 3975 400 4029 Omnes
428 3979 570 4045 praetores
600 3977 766 4032 convocatos
792 3993 853 4032 esse
881 3978 998 4047 apparet
1025 3993 1058 4030 ex
1085 3975 1212 4046 Xenoph.
1237 3975 1329 4031 Anah.

153 4065 359 4133 stt8ma

227 4159 270 4223 19)
289 4154 449 4211 Verisimile
478 4171 550 4226 esse,
579 4157 791 4225 Theopompum
817 4173 875 4212 non
902 4156 990 4210 alium
1017 4171 1077 4209 esse
1105 4155 1328 4224 intellegendum

155 4261 238 4314 quam
257 4242 348 4314 ipsum
364 4244 579 4313 Xenophontem
593 4246 657 4313 post
676 4244 746 4298 alios
762 4244 927 4314 comprobat
939 4243 1177 4311 Volquardsenius
1191 4260 1255 4315 pag.
1269 4252 1328 4300 131.

226 4333 271 4402 20)
290 4333 455 4388 Plutarchus
478 4334 564 4402 negat
583 4332 703 4387 Oteuiam
728 4332 868 4401 colloquio
891 4323 1050 4386 interfuisse
1069 4332 1099 4386 in
1117 4333 1211 4388 Artox.
1233 4340 1280 4404 13,
1300 4341 1332 4396 5.,

84 4431 86 4435 ·
156 4420 270 4474 Grotius
288 4438 353 4476 vero
373 4421 406 4490 V,
426 4426 469 4492 43,
488 4440 514 4475 n.
535 4428 550 4474 2
570 4421 742 4490 suspiciones
760 4421 902 4477 Plutarchi
920 4422 1032 4476 refutat
