2954 4980
625 315 842 378 ..14-

148 474 253 558 magis
278 473 505 557 comprobetur
527 496 625 558 quam
648 473 672 559 Ι,
691 474 721 559 3,
741 475 773 538 7:
797 474 945 558 „ulcione
964 477 983 554 ἢ
1003 474 1147 553 buxitus
1166 475 1328 556 λαβόντε(
1360 558 1364 568 Ι

148 582 188 645 τὰ
215 579 301 645 ὅπλα
329 581 659 660 ἐετρατοπεδεύεαντο
687 582 775 660 παρὰ
803 580 981 665 Κλεάρχῳ“.
1033 580 1216 665 Separatim
1248 603 1326 648 uero

148 709 247 751 unum
275 709 433 771 quemque
461 691 644 772 praetorem
672 691 780 753 castra
807 687 953 772 posuisse
986 688 1129 754 declarat
1156 689 1185 768 Ι,
1211 689 1325 772 5,·12.

61 788 72 808 “
148 793 251 859 Locos
275 797 380 860 certos
404 795 541 879 singulis
565 794 768 879 praetoribus
791 791 1009 880 praescriptos
1032 794 1133 861 fuisse
1155 818 1215 880 pro
1235 799 1325 862 certo

150 901 305 966 affirmari
323 925 391 967 non
408 905 528 987 potest,
550 902 605 966 sed
625 902 781 996 suspicari
800 903 877 967 licet
896 925 934 966 ex
952 902 1060 968 verbis
1079 903 1176 983 ,κατὰ
1196 903 1326 982 χώρανιι

148 1009 173 1094 Ι,
192 1010 222 1094 5,
242 1011 293 1074 ΙΙ.
331 1008 419 1085 Quae
442 1011 529 1074 recte
547 1008 769 1074 Rehdantzius
788 1013 924 1075 annotet
942 1008 994 1096 (E.
1008 1010 1048 1074 A.
1063 1010 1120 1093 30)
1140 1009 1326 1094 significare

147 1118 257 1197 ,χώρα
287 1116 332 1181 ist
364 1117 416 1180 die
450 1114 561 1200 Stella,
592 1117 714 1180 welche
747 1116 838 1201 jeder
870 1117 1068 1183 einnimmt“.
1117 1117 1225 1200 Atque
1260 1117 1325 1181 alio

147 1225 218 1288 loco
255 1222 430 1287 memoriae
467 1223 635 1308 proditur,
673 1227 779 1288 castra
811 1223 1008 1289 Graecorum
1044 1247 1111 1290 non
1147 1246 1212 1289 uno
1250 1224 1324 1289 loco

148 1330 309 1394 collocata
333 1329 389 1393 sed
413 1329 559 1414 singulos
583 1334 748 1413 praetores
771 1331 809 1395 de
828 1332 965 1416 singulis
984 1331 1065 1396 vicis
1085 1330 1221 1397 sortitos
1241 1352 1326 1395 esse:

147 1435 205 1519 IV,
224 1435 254 1519 5,
273 1435 325 1499 23.
363 1432 433 1509 Quo
458 1457 496 1499 ex
519 1436 591 1501 loco
614 1459 680 1502 non
704 1438 773 1502 sine
797 1438 907 1522 aliqua
925 1437 1156 1520 probabilitate
1174 1438 1327 1502 concludi

149 1564 246 1627 posse
269 1541 405 1621 videtur,
428 1543 587 1607 vocabulo
611 1544 767 1623 ,,τάξεωε“
791 1544 890 1609 etiam
913 1567 1011 1609 unam
1035 1566 1195 1629 quamque
1214 1545 1326 1629 singu-

148 1644 461 1732 lorum‘praetorum
485 1671 616 1714 manum
640 1650 825 1735 significari,
849 1673 1045 1735 quamquam
1064 1651 1138 1715 eliis
1157 1652 1238 1716 locis
1259 1653 1326 1717 alio

148 1776 244 1819 sensu
277 1755 310 1819 id
340 1777 410 1820 esse
438 1756 691 1840 intellegendum
720 1758 868 1823 concedo.
914 1758 963 1821 De
991 1779 1048 1822 suo
1073 1759 1209 1843 quisquc
1236 1781 1327 1823 exer-

149 1863 213 1928 citu
252 1865 372 1948 singuli
408 1867 576 1947 praetores
612 1885 770 1928 summam
802 1865 930 1949 imperii
962 1869 1083 1929 tenent.
1139 1864 1204 1930 Sua
1236 1867 1326 1931 enim

148 1974 264 2053 sponte
277 1969 463 2036 'Clearchus
491 1971 667 2035 exercitum
692 1974 848 2037 convocat
872 1969 910 2056 (Ι,
930 1973 960 2056 3,
979 1971 1014 2057 2)
1039 1973 1180 2056 itemque
1203 1971 1326 2038 Menon

140 2074 187 2160 (1,
205 2078 238 2161 4,
259 2075 331 2162 13);
354 2077 450 2142 Neon
473 2081 591 2163 autem,
615 2077 727 2163 quiin
750 2100 866 2142 munus
886 2075 1071 2161 Chirisophi
1094 2079 1245 2144 suffectus
1267 2083 1326 2166 est,

148 2182 270 2269 V11‚2‚
291 2186 330 2249 11
361 2206 433 2248 cum
462 2185 527 2250 suis
556 2207 576 2249 a
604 2184 719 2250 ceteris
748 2184 889 2249 dissidet.
934 2184 1058 2249 Deinde
1081 2187 1241 2269 praetoris
1266 2191 1326 2272 cst,

148 2291 270 2355 milites
290 2313 366 2356 suos
385 2293 419 2356 in
437 2291 591 2355 iudicium
609 2313 726 2356 vocare
740 2290 780 2375 V,
796 2293 824 2376 Ι,
839 2293 890 2375 34,
911 2313 1003 2356 sacra
1020 2292 1083 2356 rite
1098 2293 1325 2358 administrare

148 2396 245 2480 Vir,
258 2397 308 2480 13,
328 2419 375 2481 ea,
391 2419 472 2482 quae
488 2420 527 2462 cx
541 2397 662 2481 praeda
676 2403 825 2482 exempta
840 2401 872 2461 et
886 2398 1017 2463 deorum
1032 2399 1149 2465 honori
1163 2400 1327 2466 destinata

149 2508 256 2588 erant,
287 2525 416 2568 servare
439 2504 493 2590 (V,
512 2505 542 2590 3,
559 2503 605 2590 4).
651 2503 719 2568 Nec
746 2526 821 2568 vcro
850 2504 996 2588 singulos
1022 2508 1179 2572 exercitus
1202 2511 1327 2574 temere

149 2614 279 2676 coactos
303 2610 405 2675 fuisse
428 2609 609 2695 putandum
632 2613 690 2674 est.
726 2609 830 2675 Immo
849 2615 1033 2694 praetorem
1053 2614 1183 2698 eiusque
1202 2614 1326 2688 milites

148 2716 386 2782 necessitudine
415 2715 525 2800 aliqua
552 2716 637 2780 inter
666 2737 700 2780 se
724 2716 914 2781 coniunctos
938 2739 1008 2783 esse
1031 2720 1240 2786 manifestum
1263 2726 1325 2786 est.

147 2823 248 2887 Initio
278 2824 363 2887 enim
393 2822 606 2908 expeditionis
629 2827 796 2907 praetores
819 2826 1008 2909 plerumque
1031 2827 1152 2891 milites
1180 2825 1327 2892 eiusdem

149 2930 271 3014 gentis,
294 2929 385 2993 cuius
408 2929 473 3011 ipsi
496 2932 601 3014 erant,
624 2930 851 2995 conduxerant.
896 2932 1006 3017 Atque
1029 2934 1170 2998 maxima
1193 2934 1324 3018 quidem

149 3037 308 3101 exereitus
331 3057 406 3119 pars
426 3034 647 3120 Peloponneso
671 3038 779 3121 patria
801 3037 955 3103 utebatur
978 3037 1017 3126 (Ι,
1038 3042 1065 3120 1,
1086 3039 1130 3125 6).
1167 3038 1230 3103 Sed
1251 3061 1326 3122 per·

148 3285 211 3338 dem
234 3282 391 3336 ftihrcnden
418 3280 638 3342 Heerestheilc“.
675 3283 753 3339 ldem
777 3285 880 3341 sentire
903 3285 1015 3341 videtur
1038 3286 1176 3355 sturmus,
1203 3285 1327 3342 Lexicon

147 3371 273 3441 Xenoph.
293 3370 320 3423 ΙΙ
339 3387 360 3425 s.
374 3389 401 3425 v.
418 3374 554 3440 ήγεῑεθαι,
574 3389 638 3426 cum
656 3372 769 3442 deleget
787 3374 823 3427 ad
841 3374 935 3429 locum
953 3375 1007 3443 VI,
1022 3381 1050 3444 5,
1066 3380 1082 3428 8
1103 3378 1159 3446 (12)
1178 3375 1222 3443 ,οἱ
1240 3377 1327 3441 ἡγού-

148 3463 243 3527 μενοι“
261 3459 337 3515 idcm
356 3459 442 3528 utque
460 3461 493 3513 τὸ
513 3463 669 3527 ἡγούμενον
687 3461 728 3529 ΙΙ,
743 3467 773 3530 2,
788 3468 817 3517 4:
835 3463 956 3531 primam
970 3467 1079 3533 partem
1098 3464 1219 3534 agminis
1238 3461 1325 3533 signi-

148 3549 230 3604 ficere
253 3548 432 3604 contendens.
469 3548 607 3617 Equidem
625 3548 666 3619 Il,
685 3555 750 3617 2,4
773 3552 894 3605 vertam:
917 3550 999 3621 „dem
1019 3553 1212 3608 Flihrenden‘t
1248 3552 1324 3607 Nam

147 3636 182 3692 do
209 3637 272 3706 ipsa
299 3637 377 3691 ducis
404 3654 536 3707 persona,
563 3655 619 3694 uon
644 3638 679 3692 dc
706 3640 786 3709 parte
814 3639 934 3710 agminis
962 3641 1064 3711 egitur.
1110 3643 1142 3697 ld
1166 3642 1241 3711 quod
1264 3658 1323 3696 nou

147 3725 239 3780 solum
253 3743 287 3780 ex
305 3726 339 3794 Π,
358 3733 383 3794 2,
403 3733 434 3795 8,
453 3728 501 3783 ubi
520 3728 626 3782 iussum
644 3729 728 3783 untes
746 3730 791 3798 (ΙΙ,
811 3734 836 3797 2,
855 3732 882 3799 4)
902 3729 1008 3785 editum
1024 3733 1222 3800 exsequuntur,
1242 3731 1322 3786 colli·

146 3814 235 3884 gitur,
262 3831 359 3870 verum
389 3815 474 3870 etiam
503 3833 537 3870 ex
563 3816 661 3871 multis
689 3816 752 3872 aliis
779 3816 849 3872 locis
877 3819 1060 3876 concluditur.
1094 3819 1207 3876 ·Oonfer
1235 3820 1322 3874 etiam

146 3903 199 3971 VI,
219 3908 248 3973 5,
267 3909 316 3973 22,
341 3904 390 3958 ubi
413 3880 569 3974 Xenophon
593 3905 786 3961 centurionum
808 3906 884 3962 iussu
903 3912 978 3976 ,τὴν
999 3909 1173 3976 ἡγεμονίανίί
1198 3907 1323 3977 suscepit

148 3993 185 4062 (ol
202 3995 317 4059 λοχαγοὶ
335 3996 458 4060 ἡγέιεθαι
476 3995 612 4049 ἐκέλευον.
645 3997 690 4048 καὶ
709 3995 740 4049 ὃ(
757 3997 871 4064 usuro).
908 3997 1071 4052 Advocatur
1089 3997 1197 4053 scilicet
1215 3998 1251 4052 ad
1270 3998 1321 4066 ,τὸ

145 4084 331 4152 ἡγούμενονιί,
346 4073 391 4137 cui
404 4082 542 4138 vocabulo
557 4083 614 4138 alio
628 4083 691 4138 loco
706 4082 750 4153 (ΙΙ,
761 4089 786 4151 4,
798 4085 843 4153 26)
857 4084 1003 4153 genetivus
1018 4092 1086 4155 ,τοῦ
1101 4088 1321 4156 ετροιτεύματο(ιι

147 4171 318 4241 adiungitur.
345 4172 518 4228 Vortendum
532 4173 626 4227 autem
642 4173 685 4226 est
697 4173 731 4226 τὸ
745 4174 914 4239 ἡγούμενον;
929 4173 1008 4241 'Pete
1022 4176 1096 4231 undo
1111 4176 1191 4245 signa
1204 4180 1233 4231 et
1246 4175 1323 4230 iussa

147 4259 404 4329 proficiscebantur.
442 4260 546 4315 Contra
563 4259 681 4330 pluralis
700 4260 749 4329 „ot
770 4263 952 4331 ἡγούμενοι“,
975 4279 1060 4332 quom
1077 4264 1203 4335 plerique
1221 4282 1321 4335 parum

147 4346 297 4418 diligenter
316 4365 333 4404 a
351 4349 488 4419 singulari
501 4365 616 4404 numero
631 4355 700 4419 ,τοῦ
713 4351 890 4416 ἡγουμένουΙΙ
904 4349 1073 4420 discernunt,
1092 4353 1165 4408 idem
1180 4354 1321 4423 exprimit,

147 4437 222 4507 quod
240 4441 364 4494 nostrum
383 4429 447 4508 ,'‚dio
465 4435 578 4493 Front“.
