2954 4980
630 301 860 368 -15-.

151 467 331 530 scrutemur
355 485 424 528 rem
447 463 640 527 accuratius!
687 462 839 547 Xeniam,
866 461 1125 548 Sophaenetum,
1149 461 1325 547 Socratem,

148 571 319 636 Pasionem
352 569 494 635 Arcades
523 572 561 641 et
592 567 740 636 Achaeos
780 569 964 656 adduxisse,
1000 591 1197 654 quamquam
1228 570 1324 635 initio

150 678 281 763 quidem
296 677 510 762 expeditionis
529 699 594 742 non
614 676 732 742 diserte
750 677 896 760 refertur,
914 679 1024 742 tamen
1043 699 1082 742 ex
1098 678 1169 741 loco
1184 677 1324 760 quodam
1426 681 1427 685 ’

149 783 226 869 (ΙΙΙ,
249 785 285 868 2,
310 782 365 870 10)
398 784 544 849 conicere
575 782 662 848 11661.
718 783 841 860 Quibus
876 784 1079 867 praetoribus
1111 780 1324 867 fugitivorum

149 895 336 976 praetorum
355 890 479 981 chiae
502 895 536 955 et
554 891 704 956 Pasicnis
723 890 762 978 (Ι,
780 891 811 976 4,
827 887 888 975 17)
912 890 1022 973 copiae
1044 890 1235 955 tribuendae
1255 912 1324 955 esse

149 997 332 1081 videantur,
366 1001 481 1081 postea
514 998 725 1063 enarrabitur.
776 997 917 1062 Tantum
945 1000 1088 1082 constat,
1119 1000 1153 1063 in
1182 997 1324 1064 Socratis

150 1105 274 1170 Achaei
305 1105 411 1168 locum
443 1103 650 1170 Xanthiolem
680 1104 848 1169 Achaeum
876 1106 1069 1170 successisse
1097 1103 1176 1190 (ΙΙΙ,
1200 1106 1232 1188 1,
1255 1102 1324 1191 47).
1367 1090 1373 1101 ’

150 1211 244 1288 Quod
273 1210 314 1275 ad
338 1208 529 1276 Clearchurn
552 1211 845 1277 Lacedaemonium
873 1213 1029 1297 pertinet,
1056 1215 1214 1277 nontam
1239 1234 1324 1277 com·

151 1319 260 1383 munis
283 1318 410 1400 patriae
433 1318 572 1403 vinculo,
596 1340 693 1403 quam
717 1320 928 1384 diuturnitate
951 1321 1111 1385 bellorum
1133 1320 1167 1384 in
1186 1321 1325 1385 Thracia

150 1429 318 1511 gestorum
347 1446 420 1491 oum
447 1424 608 1489 militibus
636 1425 701 1489 suis
725 1424 781 1511 (ll,
801 1427 830 1510 6,
849 1425 884 1511 5)
912 1427 1101 1491 coniunctus
1129 1430 1207 1492 erat.
1252 1425 1322 1502 Quo

148 1536 265 1609 necato
302 1531 470 1596 Timasion
506 1529 709 1617 Dardanius,
749 1555 887 1616 quocum
924 1532 1100 1599 Clearchus
1137 1538 1232 1599 antea
1269 1534 1324 1598 diu
1377 1536 1381 1541 ’
1441 1611 1445 1618 .

151 1639 313 1723 stipendia
336 1638 457 1704 lecerat
480 1635 534 1724 (V,
553 1639 583 1722 6,
601 1635 670 1725 24),
692 1644 824 1722 praetor
843 1641 1011 1707 sufficitur.
1048 1639 1154 1706 Simili
1172 1640 1269 1707 modo
1290 1642 1325 1705 in

148 1747 255 1810 locum
278 1746 416 1810 Proxeni
443 1745 628 1810 obtruncati
651 1747 773 1811 amicus
801 1748 870 1812 eius
899 1749 1057 1813 sufficitur
1082 1747 1265 1831 Xenophon
1293 1753 1326 1812 61

149 1851 245 1918 Neon
271 1851 432 1917 Asinaeus
456 1850 528 1938 (Vl,
546 1854 576 1936 4,
595 1852 652 1938 23)
681 1854 716 1917 in
742 1855 849 1920 locum
872 1854 1075 1940 Chirisophi,
1094 1849 1200 1940 'quem
1228 1857 1324 1920 ἑπτα-

149 1960 265 2025 κοείων
292 1960 550 2039 Λακεδαιμονίων
577 1961 665 2039 παρὰ
693 1962 784 2045 Κύρῳ
812 1969 1019 2043 (τρατηγῆεαι
1051 1985 1090 2027 ex
1117 1963 1324 2049 16661,4,3

150 2068 278 2133 scimus.
336 2065 507 2132 Menonem
549 2066 685 2151 denique
723 2067 915 2133 Thessalum
952 2069 1110 2153 Dolopes,
1151 2069 1324 2154 Aenianes,

151 2173 325 2258 Olynthios
360 2173 531 2238 adduxisse
563 2174 593 2258 Ι,
615 2174 694 2257 2,6
726 2176 950 2259 comperimus.
1005 2175 1113 2240 Unum
1145 2176 1226 2241 illud
1258 2199 1325 2242 non

150 2284 296 2366 apparet,
319 2280 398 2365 quid
419 2280 527 2365 fuerit,
550 2302 607 2344 cur
623 2280 757 2345 Meneni
776 2281 933 2349 Thessalo
953 2282 1143 2348 successerit
1160 2281 1323 2347 Philesius

150 2387 310 2452 Achaeus.
348 2384 410 2450 Sed
432 2386 533 2450 simili
551 2387 681 2453 vinculo
701 2392 797 2474 atque
816 2394 940 2457 ceteros
959 2391 1021 2455 hos
1040 2411 1167 2475 quoque
1186 2390 1271 2454 inter
1290 2412 1325 2454 se

149 2494 340 2559 coniunctos
364 2493 466 2558 fuisse
490 2494 636 2558 conicere
659 2495 746 2560 licet.

240 2601 329 2678 Quae
354 2623 426 2665 cum
449 2600 497 2664 ita
520 2601 596 2684 sint,
619 2623 659 2665 16
683 2601 765 2666 illud
784 2602 912 2686 quidem
932 2604 1059 2687 mirum,
1082 2604 1161 2668 belli
1178 2603 1324 2669 facinora

151 2708 282 2792 egregia
309 2708 344 2771 in
371 2708 575 2791 praetoribus
603 2713 732 2791 practer
758 2707 1007 2792 Xenophontem
1034 2713 1067 2774 et
1094 2707 1323 2794 Ohirisophum

150 2815 240 2879 nullo
264 2815 335 2879 loco
360 2815 509 2898 spectari.
545 2812 631 2879 Nam
653 2816 713 2899 illi,
736 2837 809 2880 cum
833 2816 911 2882 ordo
935 2817 1074 2881 maxime
1098 2819 1131 2880 et
1154 2816 1325 2901 disciplina

150 2921 192 2985 iis
216 2943 309 2986 curae
333 2922 385 3006 sit,
408 2922 443 2986 in
466 2942 525 2986 suo
549 2922 683 3006 quisque
706 2923 778 2988 loco
801 2927 977 3008 remanent,
1002 2926 1036 2988 at
1059 2925 1264 2989 centuriones
1284 2923 1325 2988 ad

152 3029 373 3112 expeditiones
392 3027 540 3093 difficiles
559 3035 777 3111 provocantur
792 3027 863 3115 (IV,
880 3032 907 3113 1,
921 3032 978 3115 273
998 3032 1028 3115 6,
1042 3032 1098 3114 203
1118 3033 1146 3113 Ι,
1163 3032 1201 3095 11
1218 3032 1251 3094 61
1269 3028 1324 3114 12)

151 3139 185 3199 61
211 3136 246 3199 in
273 3135 380 3218 prima
405 3136 473 3200 acie
496 3135 814 3202 11116116661161161
836 3137 921 3201 inter
944 3160 979 3202 se
1002 3138 1116 3201 ineunt
1134 3136 1188 3223 (V,
1207 3138 1237 3221 2,
1259 3133 1324 3222 11).

122 3260 126 3265 ’
240 3241 331 3307 Η666
353 3242 462 3326 habui,
485 3264 569 3327 quae
591 3242 630 3307 de
653 3243 783 3309 nomine
808 3247 840 3307 et
862 3244 1050 3308 muneribus
1074 3248 1259 3324 (τρατηγοῦ,
1283 3242 1324 3307 611

151 3347 418 3433 chrychovslrio
442 3371 557 3433 parum
581 3353 728 3414 accurate
752 3350 947 3436 explanatis,
970 3350 1188 3436 adiungercm.
1232 3350 1324 3435 Ergo

150 3456 311 3540 praetoris
338 3478 457 3521 161161
484 3477 550 3520 11611
578 3456 708 3521 inanem
737 3457 837 3523 fuisse
865 3458 1036 3542 honorem,
1070 3456 1126 3522 sed
1153 3457 1325 3540 imperium

151 3563 316 3647 copiarum
330 3562 524 3628 necessitate
540 3561 679 3644 quadam
698 3586 770 3628 cum
788 3564 919 3628 1611116
938 3563 1098 3650 praetoris
1118 3564 1324 3630 coniunctum

150 3669 315 3736 fuisse-
341 3670 374 3735 id
402 3669 488 3755 quod
515 3667 737 3736 demonstrare
764 3671 845 3735 mihi
873 3675 943 3737 erat
970 3670 1175 3755 propositum
1201 3708 1239 3718 —
1264 3695 1323 3755 pro

152 3782 241 3842 certo
266 3777 422 3843 affirmari
444 3780 563 3861 potest.

240 3884 289 3949 De
318 3907 380 3969 qua
407 3906 442 3948 re
469 3881 718 3968 Kruegerumffl)
747 3906 871 3951 mecum
899 3887 1082 3952 consentire
1110 3886 1218 3972 video,
1251 3909 1324 3951 cum

150 3992 231 4058 haec
259 3993 345 4059 dicat
366 3991 519 4076 „Strateg
547 3990 669 4056 konnte
697 4013 732 4057 er
755 3990 967 4080 (Xenophon)
996 3992 1078 4059 doch
1101 4016 1163 4058 nur
1186 3994 1323 4073 werden,

151 4120 246 4165 11611
269 4122 304 4164 61
327 4099 430 4164 6611161
452 4099 523 4162 6116
547 4094 669 4163 Schaar
691 4100 900 4183 geworbensr
923 4098 1059 4165 Sbldner
1080 4100 1324 4186 herbeigellihrt

222 4347 268 4414 37)
292 4346 324 4399 ln
346 4344 551 4415 disputatione,
574 4362 646 4415 quae
669 4344 831 4401 inscribitur
853 4345 954 4415 „Noch
978 4347 1023 4401 ein
1041 4345 1124 4402 Wort
1147 4349 1323 4404 1166111616-

150 4433 241 4503 phons
260 4434 461 4504 Geburtsjahr“
479 4453 507 4504 p.
526 4441 569 4489 47.
