2954 4980
222 1127 391 1210 Rudolfus
423 1143 583 1225 Neubert,
608 1142 809 1225 Wurzensis,
841 1145 938 1206 natus
971 1163 1043 1206 sum
1076 1164 1104 1204 a.
1134 1141 1162 1206 d.
1194 1139 1306 1204 ΧἯΙΙ

137 1253 204 1321 Gal.
227 1258 295 1323 Ian.
314 1260 346 1324 h.
365 1283 389 1324 s.
404 1259 462 1323 LV
480 1262 572 1344 patre
590 1257 719 1342 Oarolo,
738 1279 833 1342 quem
851 1257 932 1321 mihi
952 1258 1126 1342 septimum
1146 1257 1306 1321 decimum
1405 1291 1406 1295 =

12 1395 13 1398 ¹
137 1394 257 1438 annum
282 1375 395 1460 ‘agenti
423 1378 526 1440 morte
555 1375 742 1459 ademptum
769 1395 838 1437 esse
867 1373 975 1458 doleo,
1003 1377 1105 1438 matre
1134 1370 1240 1437 Maria
1267 1370 1306 1434 de

45 1478 48 1482 ¹
135 1488 360 1557 Petrikovslra.
387 1491 480 1555 Fidei
494 1512 565 1554 sum
581 1490 726 1555 addictus
741 1489 955 1575 evangelicae.
979 1488 1075 1554 Anno
1090 1489 1122 1553 h.
1133 1511 1157 1555 s.
1166 1487 1306 1553 LXVIII

135 1607 366 1691 progymnasio
381 1606 540 1671 Misnensi
554 1606 694 1671 traditus
709 1604 834 1670 duobus
850 1606 941 1670 annis
960 1607 1037 1690 post
1050 1606 1084 1670 in
1101 1603 1307 1689 gymnasium

136 1718 273 1786 Sanctae
289 1722 388 1787 Afrae
402 1724 553 1807 receptus
566 1744 650 1806 sum,
665 1721 755 1786 ouius
770 1721 896 1785 scholas
911 1743 969 1806 per
981 1720 1028 1786 VI
1043 1743 1144 1785 annos
1158 1720 1307 1804 frequen·

135 1839 202 1902 tavi
220 1837 375 1922 Frankio,
394 1837 552 1923 Ilbergi0,
570 1837 685 1902 Petero
704 1837 894 1902 rectoribus.
926 1837 1022 1902 Anno
1038 1836 1160 1901 LXXV
1175 1835 1307 1900 maturi-

136 1954 213 2017 tatis
243 1953 468 2019 testimonium
498 1953 634 2038 adeptus
665 1975 723 2037 per
755 1975 854 2017 unum
887 1975 1008 2017 annum
1041 1953 1203 2036 stipendia
1234 1952 1304 2015 feci.

136 2068 259 2133 Deinde
293 2090 366 2133 eum
399 2069 534 2133 oonsilio
567 2069 674 2154 priore
708 2068 787 2132 iuris
820 2068 1010 2151 prudentiae
1044 2090 1176 2151 operam
1210 2065 1307 2131 dandi

138 2186 263 2248 mutato
283 2183 327 2248 ad
341 2184 539 2269 philologiae
559 2184 667 2249 studia
685 2183 889 2266 transissem,
908 2204 972 2247 uno
995 2184 1143 2247 semestri
1163 2185 1307 2267 excepto,

139 2320 203 2381 quo
226 2296 437 2384 Argentorati
461 2301 572 2364 literas
596 2298 748 2382 tractavi,
771 2299 901 2383 Lipsiae
926 2298 1052 2362 scholas
1076 2298 1141 2362 adii
1163 2297 1307 2362 virorum

138 2413 446 2499 illustrissimorum,
460 2415 604 2499 Arndtii,
619 2415 736 2499 Curtii,
750 2413 950 2498 Drobisohii,
963 2413 1157 2499 Eoksteinii,
1171 2412 1308 2497 Heinzii,

136 2527 265 2614 Langii,
280 2529 396 2616 Lipsii,
411 2530 614 2615 Ouerbeekii,
629 2529 813 2614 Ritsohelii,
827 2528 1307 2616 Ribbeokii,Voigtii,Wenkii,

137 2643 296 2710 Zarnokii.

226 2760 287 2825 His
302 2761 451 2825 omnibus
465 2761 559 2845 viris,
577 2761 738 2847 imprimis
753 2761 877 2847 Lipsio,
897 2761 987 2826 ouius
1002 2760 1152 2826 societati
1166 2759 1307 2826 Graecae
1434 2818 1439 2828 .

33 2884 37 2891 '
136 2897 195 2961 per
216 2875 282 2941 tria
305 2876 473 2941 semestria
495 2876 642 2962 interfui,
666 2877 790 2963 gratias
815 2897 876 2961 ago
901 2900 998 2961 quam
1021 2877 1189 2942 maximas.
