2954 4980
704 316 925 379 426...

228 475 299 556 ρίου
319 479 406 555 avoc,
426 476 508 540 ἐπὰν
527 476 572 541 εἰ(
588 479 765 556 Βαβυλῶνα
783 477 903 558 acccc.
936 476 1024 553 Quae
1044 478 1141 542 verba
1160 479 1300 542 maxime
1320 479 1410 544 inter

228 605 262 646 se
286 584 472 668 conspirare
497 584 569 669 quis
589 587 639 648 est
657 585 733 668 quin
752 584 945 669 intellegat?
969 584 1075 670 Atque
1095 586 1194 650 etiam
1212 585 1248 650 in
1266 607 1407 671 sequen-

120 723 124 728 -
228 690 315 755 tibus
340 690 444 755 tribus
468 690 685 755 bibliothecae
710 691 885 776 capitibus,
913 695 950 756 ut
974 714 1012 756 ca
1034 714 1099 757 una
1122 693 1407 780 comprehendam,

157 864 160 869 ,
226 798 385 862 nonnulla
417 820 489 862 cum
517 797 664 882 Xenoph.
697 799 805 863 verbis
834 801 1024 884 congruunt.
1075 798 1220 864 Primum
1248 801 1336 865 enim
1366 802 1406 866 de

205 908 392 970 armatura
415 904 492 989 Gyri
519 905 669 989 equitum.
688 902 741 990 (Χ.
764 903 788 989 Ι,
812 906 843 970 8.
868 906 886 969 7
916 904 1024 985 ,εἶχον
1047 907 1083 970 δὲ
1115 908 1166 971 καὶ
1189 908 1346 989 μαχαίρα(
1374 911 1406 975 οἱ

226 1013 334 1078 ἱππεῖ(
356 1012 565 1093 Ἑλληνικάόι,
592 1049 628 1058 -
655 1012 694 1077 D.
713 1013 805 1097 22,ss
829 1012 993 1093 ,θώρακαε
1017 1012 1147 1091 ἔχοντε(
1170 1016 1405 1096 καὶ,μαχαίραε

225 1119 454 1207 “Ελληνικάε“),
477 1125 547 1185 tum
570 1121 609 1184 de
632 1121 727 1185 initio
747 1141 875 1204 pugnae
893 1121 1016 1204 pariter
1041 1121 1082 1185 ab
1106 1125 1242 1207 utroque
1261 1123 1407 1189 traditur

227 1225 281 1314 (X.
304 1228 329 1312 I,
353 1230 382 1312 8,
408 1229 447 1293 17
481 1229 549 1311 ,καὶ
583 1227 687 1292 οὐκέτι
720 1227 792 1306 τρία
820 1228 839 1306 ἢ
868 1227 1003 1305 τέτταρα
1032 1225 1141 1291 ετὰδια
1168 1230 1326 1309 διειχέτην
1355 1233 1404 1296 τὼ

227 1335 375 1416 φάλαγγε
399 1333 457 1400 ἀπ’
481 1334 631 1416 ἀλλήλων
654 1333 746 1413 ἡνίκα
769 1332 954 1399 ἐπαιάνιζόν
972 1355 1008 1398 τε
1031 1334 1062 1398 οἱ
1080 1335 1250 1415 ‘'eltnae“
1272 1342 1338 1402 κτλ.
1362 1375 1402 1385 -

226 1440 264 1507 D.
288 1444 340 1527 23,
366 1445 382 1506 1
412 1442 482 1521 „tn
515 1443 550 1505 δὲ
580 1446 666 1521 τρεῖ(
699 1442 814 1519 (χεδὸν
847 1440 991 1504 εταδίου(
1024 1439 1162 1519 ἀπεῖχον
1191 1441 1342 1523 ἀλλήλων
1371 1446 1406 1510 αἱ

226 1549 383 1638 δυνάμεις,
407 1549 439 1612 οἱ
457 1550 515 1628 μὲν
533 1549 685 1628 Ἕλληνες
704 1548 943 1613 παιανίεαντεειι
963 1547 1051 1632 κτλ.).
1087 1547 1126 1612 ln
1145 1550 1260 1613 ceteris
1280 1555 1407 1638 autem,

226 1657 254 1721 si
282 1679 301 1720 a
328 1679 397 1742 cap.
421 1657 464 1720 24
492 1660 698 1741 argumento,
726 1655 813 1721 haud
845 1656 893 1720 ita
921 1655 1045 1721 diverse
1073 1659 1110 1720 ut
1139 1656 1189 1720 vel
1218 1658 1325 1722 obiter
1353 1661 1405 1724 in-

226 1763 375 1847 spicienti
404 1768 539 1848 apparet
567 1763 731 1847 exposito,
759 1763 1012 1848 discesserimus,
1039 1786 1144 1849 neque
1167 1786 1274 1829 rerum
1296 1787 1406 1852 neque

225 1870 397 1935 verborum
430 1873 577 1954 apertam
610 1869 856 1935 similitudinem
888 1871 1130 1954 perspiciemus.
1185 1872 1230 1936 At
1259 1895 1334 1938 cum
1368 1875 1406 1939 in

226 1999 293 2062 cap.
316 1980 443 2069 19-21
469 1975 646 2043 Diodorum
669 1976 838 2061 Ephorum
862 1981 1048 2043 constanter
1073 1983 1217 2044 secutum
1241 2001 1310 2043 esse
1335 2003 1431 2052 non¹

135 2093 148 2112 “·
224 2084 375 2170 habeam,
405 2086 489 2170 quod
517 2106 646 2171 negem,
673 2086 707 2150 in
735 2109 774 2150 ea
800 2090 909 2172 parte,
937 2108 1020 2170 quae
1049 2090 1098 2150 est
1126 2087 1164 2151 de
1191 2087 1263 2170 ipsa
1289 2109 1407 2174 pugna

224 2174 398 2279 (22—24),
431 2194 510 2257 adeo
538 2192 664 2277 Ephori
699 2193 839 2278 vestigia
867 2216 940 2257 eum
967 2192 1138 2276 pressisse,
1170 2196 1206 2256 ut
1234 2197 1406 2263 auctorem

224 2300 316 2364 illum
348 2300 454 2364 minus
487 2302 632 2386 magisve
665 2300 873 2379 exscriberet,
910 2299 1044 2384 probari
1075 2322 1141 2364 non
1173 2303 1290 2385 potest.
1347 2302 1406 2369 An

224 2407 310 2491 quod
333 2429 452 2471 nomen
470 2407 706 2491 Tissaphernis,
731 2430 749 2471 a
768 2406 985 2491 Xenophonte
1009 2403 1049 2493 (I,
1067 2407 1097 2490 2,
1111 2404 1147 2492 4)
1172 2411 1205 2471 et
1222 2407 1405 2476 Plutarcho

225 2511 353 2601 (Artox.
373 2515 403 2598 6,
422 2512 457 2599 5)
480 2518 565 2579 recte
588 2515 761 2599 proditum,
785 2535 858 2577 cum
876 2512 1089 2578 Pharnabaz'o
1114 2509 1181 2598 (22,
1203 2511 1236 2601 1)
1256 2536 1404 2582 commu-

223 2623 327 2704 tatur,
365 2621 523 2686 eiusmodi
560 2619 800 2706 neglegentiam
839 2620 879 2684 ab
915 2618 1050 2703 Ephoro
1088 2619 1256 2704 originem·
1284 2623 1405 2690 ducere

224 2729 443 2794 arbitremur?
502 2727 595 2804 Quod
635 2728 737 2812 igitur
778 2725 981 2790 Pharnabazi
1023 2748 1140 2791 nomen
1182 2727 1281 2792 etiam
1325 2731 1402 2797 aliis

223 2835 394 2900 Diodoreis
422 2836 503 2901 locis
531 2836 615 2900 falso
644 2858 703 2920 pro
728 2833 945 2918 Tissapherne
968 2836 1115 2920 ponitur,
1143 2835 1204 2900 hoc
1226 2838 1402 2921 proprium

223 2941 357 3007 Diodori
395 2943 511 3007 vitium
549 2965 619 3007 csse
655 2943 763 3007 nescio
798 2965 839 3007 en
871 2945 956 3008 recte
993 2964 1066 3006 cum
1103 2942 1403 3031 Volquardsenio²)

224 3053 418 3116 statuamus.
456 3048 518 3115 Sed
537 3050 566 3114 is
585 3049 713 3134 quidem
731 3050 779 3115 ita
797 3072 866 3114 rem
884 3051 1128 3134 interpretatus,
1152 3055 1189 3115 ut
1208 3050 1402 3140 Diodorum,

222 3161 395 3242 postquam
421 3157 521 3221 semel
542 3156 662 3221 falsum
690 3179 809 3224 nomen
832 3157 1000 3241 edidisset,
1026 3157 1134 3222 locum
1158 3158 1318 3243 corrigere
1342 3180 1402 3225 no-

223 3265 344 3328 lentem
379 3264 527 3328 consulto
561 3264 595 3328 in
627 3267 696 3329 tam
726 3286 879 3349 perversa
910 3262 1050 3328 nominis
1080 3265 1261 3331 mutatione
1288 3287 1400 3349 perse-

223 3392 351 3435 verasse
375 3373 510 3456 statuat,
528 3393 641 3463 'veram
665 3372 773 3436 mendi
797 3393 928 3437 causam
950 3392 1016 3435 non
1038 3372 1243 3456 perspexisse
1262 3372 1400 3438 videtur.

222 3475 309 3542 Nam
337 3478 384 3542 ita
412 3478 440 3542 si
467 3499 519 3542 res
548 3499 582 3544 se
610 3479 758 3564 haberet,
788 3501 859 3543 cum
887 3479 1028 3563 primum
1052 3476 1284 3563 Tissaphernes
1308 3479 1398 3546 iusto

222 3586 293 3649 loco
309 3583 375 3670 (23,
391 3583 425 3672 7)
439 3589 637 3650 memoratus
657 3588 715 3669 eet,
734 3585 879 3651 futurum
894 3585 1004 3668 fuisse,
1022 3589 1060 3649 ut
1073 3583 1161 3670 XIV,
1176 3586 1227 3671 35,
1241 3588 1262 3650 2
1277 3587 1398 3652 iterum

222 3713 295 3756 cum
309 3689 522 3758 Pharnabazo
537 3696 727 3776 mutaretur,
741 3692 809 3757 veri
824 3695 910 3757 esset
924 3690 1186 3756 dissimillimum.
1212 3691 1258 3755 At
1273 3698 1397 3776 quanto

222 3798 429 3875 verisimilius
453 3821 524 3864 esse
547 3800 683 3884 videtur,
707 3821 796 3863 mera
813 3798 937 3863 incuria
956 3801 989 3863 et
1008 3799 1216 3884 neglegentia
1235 3799 1398 3865 scribendi

127 3895 128 3899 ¹
221 3905 400 3970 Diodorum
424 3906 458 3970 in
481 3929 592 3971 omnes
616 3907 675 3971 hos
700 3927 824 3970 errores
847 3905 1008 3971 incidisse.
1016 3902 1041 3992 3)
1085 3904 1215 3970 Etenim
1238 3928 1311 3971 oum
1330 3930 1397 3973 non

221 4013 269 4076 ita
288 4016 453 4078 auctorem
472 4017 668 4098 sequeretur,
687 4016 724 4077 ut
742 4013 811 4078 sine
832 4012 951 4077 iudicio
972 4012 1164 4077 adverbum
1185 4033 1258 4076 eum
1278 4013 1395 4079 exscri-

294 4191 322 4255 2)
340 4188 593 4259 Untetsuchungen
610 4189 679 4244 fiber
697 4187 743 4243 die
758 4187 877 4254 Quellen
891 4188 941 4243 der
954 4185 1147 4257 griechischen
1165 4188 1221 4241 und
1236 4187 1396 4243 sicilischen

223 4275 410 4331 Geschichtec
427 4278 474 4332 bei
492 4277 597 4333 Diodor
615 4276 764 4344 Xl—XVL
782 4276 846 4330 Kiel
866 4283 943 4344 1868,
962 4294 1026 4346 pag.
1048 4282 1107 4344 127,
1125 4276 1207 4332 Anm.
1225 4283 1251 4367 χ.

293 4367 320 4432 3)
336 4366 413 4420 Idem
427 4365 514 4420 sentit
521 4365 657 4434 Erickins,
671 4364 928 4433 Untersuchungen,
937 4365 1006 4418 fiber
1019 4365 1064 4419 die
1075 4365 1193 4432 Quellen
1202 4366 1251 4420 des
1261 4366 1395 4421 Plutarch

222 4451 261 4505 im
279 4452 379 4509 Nitrias
397 4455 454 4508 und
472 4453 644 4523 Alkibiedee,
662 4453 779 4524 Leipzig
799 4458 876 4521 1869,
895 4471 922 4523 p.
942 4457 984 4509 68.
