2954 4980
621 282 839 345 ..22-

235 439 274 504 In
300 441 449 526 proxima
473 441 717 507 enumeratione
740 440 812 527 (IV,
834 440 949 529 8,15),
978 465 1074 527 quam
1098 465 1242 529 unquam
1270 446 1327 511 ad-

147 548 210 612 huc
229 548 263 613 in
287 548 421 613 dubium
444 553 590 615 vocatam
614 570 684 613 esse
708 549 865 614 memoria
887 571 955 615 non
977 552 1087 632 teneo,
1109 572 1150 614 ne
1169 571 1233 636 ego
1253 553 1326 637 qui-

147 654 220 719 dem
244 655 412 739 offendam,
437 660 471 722 at
495 679 533 721 ea
556 678 638 741 quae
661 657 781 740 legitur
805 655 846 741 V,
864 657 894 740 3,
909 657 939 740 3,
966 651 1197 723 additamentis
1222 681 1326 725 annu-

148 763 303 829 meranda
326 785 397 827 esse
419 762 554 828 videtur.

234 869 344 955 Atque
365 870 505 935 maxime
525 870 654 954 quidem
674 892 725 934 me
745 873 936 954 commovet,
955 859 991 918 -Ᾰ
1008 892 1050 935 ne
1068 871 1148 935 illud
1167 894 1325 960 premam,

147 978 271 1042 alienae
295 1000 409 1042 manus
433 976 574 1062 vestigia
596 977 662 1041 iam
685 977 719 1041 in
742 976 834 1043 vanis
858 977 925 1042 illis
948 979 1055 1043 verbis
1079 980 1135 1060 ,ἐκ
1154 983 1222 1045 τῶν
1241 980 1326 1063 ἀμφὶ

146 1085 222 1148 τοὺ(
249 1085 397 1163 μυρίους(ι
424 1088 501 1169 post
528 1083 637 1164 „orirer
665 1084 843 1164 cedentum
871 1085 950 1150 olim
972 1086 1007 1149 in
1030 1089 1181 1152 contextu
1204 1089 1325 1172 positis

147 1191 337 1275 reperiri-
354 1193 526 1285 vehemens
550 1192 618 1276 illa,
641 1214 723 1277 quac
745 1192 831 1257 inter
849 1192 991 1257 militum
1009 1215 1160 1260 numeros
1178 1195 1232 1259 hic
1249 1219 1326 1281 pro·

120 1306 121 1309 ’
147 1299 233 1364 ditos
254 1302 286 1363 et
310 1300 534 1364 antecedentes
557 1321 616 1364 nec
639 1299 746 1363 minus
771 1302 940 1382 sequentes
964 1302 1072 1364 exstat
1095 1301 1325 1385 discrepantia.

240 1404 331 1481 Quod
348 1406 476 1490 quidem
491 1407 526 1470 in
541 1407 713 1471 discrimen
728 1406 790 1470 etsi
804 1406 870 1470 iam
884 1406 1055 1472 Richterus
1068 1407 1191 1492 incidit,
1210 1412 1327 1476 tamen

150 1512 233 1577 unde
261 1513 323 1579 hoc
350 1515 491 1579 maxime
519 1514 630 1599 colligi
653 1513 789 1599 cogique
812 1518 931 1599 posset,
956 1515 1137 1580 accuratius
1161 1517 1327 1599 explicare

151 1620 269 1685 omisit.

237 1726 439 1812 Quamquam
466 1728 527 1792 hoc
554 1727 760 1811 perspicuum
789 1730 851 1812 est,
879 1728 1011 1794 omnino
1041 1750 1113 1792 cum
1137 1731 1327 1797 'verisimili-

147 1835 258 1900 tudine
282 1856 436 1920 pugnarc,
460 1835 635 1898 exercitum
655 1832 859 1920 Graecorum,
882 1857 954 1900 cum
974 1834 1030 1918 IV,
1045 1837 1075 1920 8,
1092 1835 1133 1901 15
1152 1859 1328 1904 numerum

148 1943 236 2007 9600
251 1940 399 2007 'militum
423 1964 496 2006 eum
520 1942 660 2007 effecisse
683 1941 867 2026 legerimus,
891 1943 1008 2027 exiguo
1032 1945 1191 2028 temporis
1217 1948 1327 2030 spatio

148 2049 349 2127 intermisso,
382 2047 472 2112 mille
505 2048 664 2112 militibus
693 2049 894 2113 deminutum
921 2049 1032 2114 fuisse.
1080 2033 1168 2117 Nam
1196 2053 1328 2120 etiamsi

148 2156 328 2237 concedam,
347 2176 420 2219 curn
440 2155 643 2238 expeditione
662 2158 777 2219 contra
790 2155 898 2220 Drilas
905 2151 946 2243 ⁵⁵)
966 2161 1124 2243 suscepta,
1142 2163 1212 2244 tum
1227 2162 1328 2226 caede

148 2263 284 2327 duarum
299 2257 511 2347 Oleaeneti⁵⁶)
527 2261 745 2326 centuriarum
764 2262 860 2348 facta,
878 2263 1010 2348 aliquod
1025 2264 1177 2330 damnum
1191 2265 1328 2333 Graecis

147 2390 218 2433 esse
246 2368 389 2452 illatum,
415 2371 525 2431 tamen
552 2372 589 2432 ut
617 2368 761 2453 credam,
788 2373 857 2434 tam
886 2370 1030 2454 graviter
1058 2373 1234 2438 exercitum
1257 2375 1328 2440 iarn

149 2478 220 2539 tum
243 2475 342 2539 fuisse
366 2473 582 2558 debilitatum,
606 2495 643 2538 eo
667 2474 774 2538 minus
799 2474 947 2559 adducor,
971 2476 1058 2560 quod
1081 2478 1180 2543 etiarn
1201 2479 1242 2565 V,
1257 2483 1327 2566 7‚9

150 2582 327 2647 exercitum
346 2579 543 2644 Graecorum
565 2602 667 2663 paene
691 2581 801 2645 decem
825 2580 955 2646 milibus
980 2583 1166 2648 constitisse
1185 2587 1330 2672 scriptor

59 2771 63 2779 ι
146 2689 243 2772 plane
264 2688 415 2753 affirmat.
448 2684 534 2751 Nam
548 2686 606 2772 Vl,
620 2689 650 2770 2,
667 2688 707 2752 16
727 2687 768 2751 ad
782 2688 924 2772 priorem
938 2691 1157 2755 recensionem
1173 2689 1226 2777 (V,
1241 2694 1270 2778 3,
1287 2696 1327 2780 3)

148 2791 422 2879 removendam⁵³)
446 2793 565 2857 idcirco
589 2792 702 2857 afferre
726 2795 906 2879 nonlicet,
934 2796 1033 2880 quod,
1061 2818 1134 2861 cum
1159 2799 1262 2864 multa
1290 2783 1328 2867 in

148 2901 206 2965 illo
226 2902 298 2984 ipso
316 2901 388 2964 loco
400 2900 511 2984 insint,
531 2922 613 2984 quac
628 2923 700 2965 cunr
715 2903 946 2986 probabilitate
961 2908 1107 2988 pugnent
1121 2909 1178 2970 aut
1192 2908 1329 2974 veritati

146 3029 278 3092 prorsus
308 3006 451 3090 obstent,
476 3006 556 3089 quin
582 3007 688 3091 ipsum
712 3030 840 3093 quoque
863 3009 898 3073 in
921 2997 1046 3074 textum
1069 3011 1228 3077 insertum
1253 3037 1327 3081 esse

151 3114 355 3192 contendam,
378 3113 484 3178 facere
507 3135 573 3177 non
596 3137 738 3197 possum.
1010 3188 1012 3191 ¹
1147 3114 1149 3117 ’

239 3220 423 3304 Utcumque
447 3221 532 3284 enim
555 3243 606 3285 res
631 3243 701 3285 sese
720 3221 828 3306 habet,
852 3223 920 3288 sive
938 3223 1088 3289 meliores
1111 3226 1245 3311 codices,
1269 3231 1328 3313 qui

147 3326 348 3392 πεντακόειοι
369 3330 443 3410 post
466 3327 705 3406 τετρακιεχίλιοι
730 3328 895 3413 omittunt,
916 3330 1121 3412 praeferendi
1144 3337 1230 3419 sunt,
1254 3336 1325 3401 sive

148 3433 336 3518 deteriores,
365 3455 447 3518 quos
476 3456 588 3498 omnes
616 3433 756 3500 editores
780 3439 909 3519 praeter
933 3435 1169 3530 Rchdantzium
1194 3445 1326 3507 secutos

149 3563 219 3606 esse
242 3540 350 3624 video,
373 3541 453 3605 illud
471 3541 678 3606 'uevrordcror
700 3541 772 3607 ideo
796 3544 987 3629 retinentes,
1011 3546 1096 3628 quod
1119 3547 1219 3611 verba
1243 3548 1325 3628 §10

146 3649 215 3728 ,καὶ
242 3648 283 3728 ἦν
310 3649 346 3712 δὲ
375 3653 413 3732 τῇ
441 3646 573 3731 ἀληθείᾳ
600 3649 681 3727 ὑπὲρ
709 3650 799 3728 ἥμιευ
827 3655 885 3715 τοῦ
919 3653 1150 3732 (τρατεύματοε
1174 3652 1325 3733 Ἀρκάδες

146 3756 198 3819 καὶ
216 3754 363 3832 Ἀχαιοὶιι,
387 3752 663 3839 respiciebant⁵⁷):
688 3760 774 3820 certe
793 3758 939 3841 paucitas
958 3758 1047 3823 illius
1066 3744 1148 3824 leuis
1167 3782 1259 3845 arm,
1281 3799 1321 3808 -

145 3865 183 3926 ut
201 3861 321 3925 milites
344 3881 433 3946 grav.
448 3883 526 3927 arm.
545 3861 714 3926 mittamus
733 3864 836 3928 -cui
856 3886 928 3929 cum
947 3865 1036 3930 mille
1054 3866 1175 3933 milites
1196 3868 1323 3933 efficere

218 4142 264 4209 55)
282 4139 373 4196 Anab.
391 4141 425 4210 V,
444 4145 469 4195 2.

217 4231 262 4299 sc)
282 4229 316 4296 V,
336 4235 365 4297 1,
384 4233 427 4283 rc.

218 4320 262 4385 57)
282 4320 312 4372 In
331 4319 429 4388 aperto
448 4320 504 4388 cst,
523 4318 547 4372 si
566 4322 773 4389 ,,πεντακ5(ιοι“
792 4321 956 4392 omittimus,
975 4326 1098 4395 reliquos
1116 4329 1237 4385 Graecos
1256 4346 1322 4385 con-

146 4404 265 4475 iunctos,
284 4406 419 4461 maiorem
436 4424 582 4463 nnmerum
601 4427 685 4477 quam
703 4411 826 4466 Accedes
847 4415 877 4467 et
895 4416 1022 4470 Achaeos
1041 4416 1159 4472 efficere.
