2954 4980
603 308 843 385 h—ll—

148 491 230 554 quas
254 473 350 533 antea
371 468 530 551 habuerit,
553 467 658 552 Agiae
678 467 787 551 copias
807 466 932 531 additas
952 486 1030 529 esse.
1072 463 1164 540 Quod
1188 486 1225 528 eo
1243 463 1322 528 faci-

147 577 212 642 lius
239 576 310 640 fieri
338 578 479 661 poterat,
512 577 588 661 quia
616 574 755 640 Oleanor
783 573 925 639 eiusdem
956 572 1069 656 populi
1098 572 1188 636 cuius
1217 570 1320 657 Agias

149 687 233 767 erat3
263 704 460 767 quamquam
488 681 666 747 communis
690 681 813 764 patriae
837 679 989 763 vinculis,
1017 679 1132 762 quibus
1157 701 1229 743 cum
1254 679 1321 743 61116

150 791 283 875 quisque
315 790 418 872 copiis
450 791 615 871 praetores
648 788 940 872 coniungebantur,
970 787 1058 851 haud
1089 785 1136 850 ita
1168 806 1321 869 magnam

149 897 216 961 vim
243 896 401 979 tribuam,
428 895 580 979 quoniam
608 894 686 979 fuga
715 917 734 958 a
761 914 882 978 magna
909 897 1002 978 parte
1030 893 1172 957 rnilitum
1199 892 1322 956 Xeniae

150 1007 183 1068 et
204 1001 355 1068 Pasionis
383 1003 417 1067 in
440 1006 547 1067 castra
570 999 720 1066 Clearchi
740 1001 829 1064 facta
851 997 890 1086 (Ι,
909 1001 939 1083 3,
960 1002 992 1086 73
1015 1001 1045 1083 4,
1067 999 1116 1085 7),
1144 1003 1265 1083 quanta
1287 1000 1322 1062 in

151 1109 382 1176 mercennariis
409 1109 475 1173 illis
498 1109 596 1173 fuerit
620 1108 765 1191 lieentia,
793 1107 919 1172 abunde
941 1110 1090 1172 testatur.
1136 1105 1225 1182 Quae
1249 1129 1321 1170 cum

149 1217 198 1281 ita
227 1218 307 1300 sint,
333 1217 442 1281 nescio
471 1237 512 1280 an
539 1219 653 1281 nostro
681 1216 751 1279 iure
779 1215 826 1279 ita
850 1237 918 1278 rern
942 1215 1161 1298 expediamus,
1188 1218 1225 1278 ut
1248 1214 1321 1278 vivo

149 1322 237 1407 Agia
272 1320 460 1388 Oleanorem
493 1323 556 1387 soli
584 1323 731 1386 Pasionis
764 1322 876 1385 manui
903 1320 1095 1405 praefuisse,
1129 1322 1322 1386 obtruncato

150 1451 188 1495 eo
217 1433 251 1494 et
275 1428 425 1494 Pasionis
454 1433 487 1493 61
513 1428 636 1494 Xeniae
664 1429 767 1512 copiis
799 1429 833 1492 in
861 1450 961 1492 unam
989 1450 1120 1492 manum
1149 1428 1322 1492 contractis

149 1536 349 1621 praefectum
373 1558 442 1601 esse
466 1539 655 1602 statuamus.
693 1534 805 1600 Simile
825 1535 901 1619 quid
919 1536 986 1600 ianr
1004 1532 1234 1622 Kruegerus³⁹)
1254 1557 1323 1600 sen-

151 1645 230 1715 sisse
253 1644 393 1728 videtur,
421 1666 494 1709 cum
517 1642 683 1709 Oleanoris
707 1665 827 1707 nomen
850 1665 909 1727 pro
934 1640 1131 1727 Sophaeneti
1155 1665 1224 1707 6666
1249 1643 1324 1707 6111-

151 1751 350 1816 stituendum
373 1755 477 1835 ratus,
505 1751 597 1815 illum
619 1751 686 1815 iam
710 1755 807 1815 antea
829 1755 1012 1833 praetorem
1036 1751 1150 1834 fuisse,
1175 1750 1230 1814 sed
1254 1754 1324 1814 tum

151 1858 251 1922 etiarn
269 1858 374 1943 Agiae
392 1857 512 1922 milites
532 1879 605 1921 eum
624 1859 852 1940 imperatorem
872 1861 999 1922 secutos
1019 1878 1088 1920 esse
1108 1855 1324 1920 contenderet.

240 1966 309 2030 Iam
338 1987 429 2049 ver0,
456 1968 493 2052 ut
521 1987 603 2049 quae
627 1965 731 2029 adhuc
754 1966 963 2048 comprobare
988 1964 1181 2047 studuimuS,
1209 1964 1323 2046 paucis

152 2073 419 2157 complectamur,
449 2071 511 2136 hoc
543 2071 728 2136 statuimus:
763 2071 924 2135 Anabasis
958 2071 1035 2135 libri
1066 2069 1096 2154 Ι,
1115 2092 1183 2152 cap.
1203 2071 1238 2153 2,
1263 2070 1323 2149 §9

151 2183 277 2263 partem
305 2177 517 2262 posteriorem
544 2179 579 2241 in
605 2199 774 2242 numerum
804 2199 914 2241 eorum
947 2177 1092 2241 locorum
1125 2176 1324 2240 referendam

152 2308 236 2372 esse,
264 2288 319 2370 qui
348 2287 389 2350 ab
419 2285 707 2368 interpolatoribus
740 2285 892 2368 temptati
925 2288 1009 2350 sunt.
1060 2283 1148 2360 Quae
1182 2285 1322 2367 suspicio

152 2396 301 2458 movetur
327 2393 468 2477 primum
493 2390 690 2476 Sophaeneti
713 2391 859 2476 nomine,
887 2391 972 2476 quod
995 2413 1097 2476 neque
1120 2392 1228 2475 ipsum
1251 2391 1325 2454 reti·

151 2499 222 2563 neri
251 2520 353 2582 neque
383 2500 418 2562 in
441 2498 545 2583 Agiae
573 2501 629 2562 aut
652 2495 819 2562 Oleanoris
846 2519 965 2563 nomen
993 2499 1185 2563 commutari
1207 2501 1325 2581 potest,

152 2609 222 2670 tum
250 2609 384 2689 utraque
413 2629 553 2691 summa,
586 2609 619 2669 et
646 2605 787 2669 militum
814 2625 904 2690 grav.
932 2628 1010 2670 arm.
1034 2602 1173 2690 (11000)
1203 2606 1235 2666 et
1264 2602 1324 2667 lev.

154 2735 232 2779 arm.
256 2710 372 2801 (2000)
401 2713 440 2777 ad
464 2713 606 2777 calculos
634 2716 793 2777 revocata.
839 2711 1011 2776 Praeterea
1034 2711 1191 2775 memoria
1213 2713 1324 2773 tenen-

154 2820 230 2883 dum
254 2823 312 2903 est,
335 2820 363 2884 si
386 2819 528 2883 numeris
550 2819 607 2883 illo
632 2819 703 2884 loco
728 2818 879 2883 exhibitis
903 2818 999 2882 fidem
1019 2819 1218 2901 haberemus,
1239 2816 1291 2888 &rt
1314 2852 1325 2862 -

153 2947 225 2989 rum
244 2925 352 3011 fuisse,
372 2930 408 2989 ut
427 2927 583 2991 exercitus
600 2924 796 2990 Graecorum
814 2929 890 3010 post
905 2928 1078 2993 adventurn
1094 2925 1182 2988 mille
1198 2928 1325 2988 centum

154 3029 340 3115 Chirisophi
368 3036 402 3097 et
423 3032 626 3098 Abrocomae
649 3033 943 3098 mercennariorum
968 3033 1008 3096 ad
1032 3055 1191 3097 summam
1218 3031 1325 3094 14100

154 3142 357 3204 accresceret.
403 3137 465 3203 Sed
495 3140 533 3202 de
561 3141 654 3202 tanto
678 3159 812 3201 numero
836 3160 903 3201 non
928 3140 977 3202 661
1000 3138 1221 3222 cogitandum,
1250 3139 1325 3220 quia

154 3245 346 3310 Plutarchus
375 3249 408 3309 et
431 3244 591 3310 Diodorus
619 3245 721 3308 totius
750 3245 908 3307 exercitus
932 3241 1128 3309 Graecorum
1156 3265 1325 3308 numerum

155 3373 314 3416 summam
328 3351 482 3416 tredecim
501 3351 627 3415 milium
647 3350 789 3416 effecisse
808 3350 948 3416 tradunt.
983 3349 1078 3415 Hunc
1094 3354 1201 3416 autem
1216 3372 1324 3415 nume·

153 3482 226 3524 rum
257 3482 360 3544 paene
389 3459 538 3524 omnibus
572 3459 626 3543 qui
657 3459 734 3522 huic
762 3457 958 3540 expeditioni
991 3459 1180 3542 intererant,
1212 3459 1325 3521 notum

154 3565 255 3631 fuisse
283 3571 317 3632 et
342 3588 400 3649 per
428 3588 483 3631 eos
510 3588 576 3630 non
600 3566 704 3629 solum
728 3565 763 3629 in
786 3565 969 3648 aequalium
993 3565 1109 3629 61111616
1132 3563 1267 3627 infixum
1289 3565 1327 3625 ut

155 3673 204 3736 ita
227 3672 330 3737 dicam
354 3673 511 3755 haesisse,
536 3672 591 3737 sed
615 3673 713 3735 etiam
735 3671 874 3754 posteris
897 3693 957 3753 pro
981 3675 1068 3735 certo
1091 3671 1325 3755 exploratoque

155 3779 295 3844 valuisse
314 3779 463 3845 arbitror.
495 3777 610 3863 Quare,
629 3778 690 3842 etsi
708 3777 743 3841 in
762 3776 875 3841 ceteris
894 3778 1046 3856 numeris,
1069 3777 1170 3842 veluti
1189 3776 1227 3840 de
1247 3773 1325 3858 Oyri

155 3885 368 3950 barbarorum
392 3885 533 3950 exercitu
557 3885 730 3967 scriptores
754 3884 879 3967 antiqui
905 3884 1060 3968 temporis
1087 3885 1172 3947 inter
1199 3905 1233 3948 se
1262 3882 1326 3945 dis-

155 3992 275 4056 sentire
297 3992 443 4075 'potuisse
466 3991 606 4055 libenter
629 3990 777 4074 concedo,
800 3992 910 4054 tamen
933 3990 972 4054 de
990 4013 1092 4075 parvo
1112 3991 1169 4055 illo
1190 3987 1325 4053 Graeco-

154 4078 227 4162 rum
253 4120 401 4183 numero,
429 4100 484 4182 qui
514 4120 611 4182 quam
639 4096 817 4161 imbecilles
846 4101 878 4160 61
905 4097 1017 4162 inanes
1044 4097 1132 4182 regis
1155 4096 1324 4160 Persarum

155 4206 240 4271 vires
264 4209 378 4291 essent,
402 4206 544 4288 primum
569 4204 785 4287 ostenderant,
807 4204 891 4267 idern
917 4203 1122 4268 statuendum
1145 4225 1214 4268 esse
1233 4223 1325 4288 nego.

227 4439 273 4504 89)
292 4436 433 4490 Particula
449 4439 552 4504 poster.
572 4452 631 4504 cap.
651 4435 690 4488 111
709 4434 824 4490 coniect.
843 4439 888 4488 41.

209 4535 333 4578 1111161161.
