2954 4980
635 317 969 420 -21-34

156 501 229 544 oum
247 479 272 565 Ι,
289 481 317 559 7,
334 480 372 543 11
393 480 466 563 ipsa
483 479 540 543 illa
555 501 610 544 sex
624 479 716 542 milia
730 479 874 562 equitum
889 478 1000 542 eadem
1016 481 1082 544 sint
1101 481 1327 568 intellegenda,

156 588 212 671 qui
239 589 314 651 ante
341 607 451 672 regem
480 586 586 651 locum
614 585 757 650 tenuisse
787 582 1327 671 dicuntu152),i110qunem1000

154 694 249 773 „rote
276 694 339 772 πρὸ
369 694 520 773 cataroe
546 695 760 773 τεταγμένου(
784 714 806 776 a
825 697 894 757 rote
922 693 1154 772 ἑξακιεχιλίοι(ιι
1182 698 1327 780 separari

155 800 251 865 facile
272 802 371 884 patet.
418 798 506 875 Quae
530 821 602 864 cum
625 801 673 865 ita
697 800 777 883 sint,
805 799 914 863 nescio
943 822 985 864 an
1008 800 1054 864 ita
1078 802 1326 887 discrepantiam

100 971 105 976 .
154 907 328 972 verborum
355 911 443 972 recte
472 908 649 991 solvamus,
678 911 715 972 ut
743 906 878 970 eundem
904 906 1058 990 scribam,
1086 932 1105 973 a
1133 932 1196 993 quo
1220 912 1325 975 totam

154 1012 374 1078 recensionem
392 1012 418 1099 Ι,
433 1015 462 1099 7,
478 1015 608 1079 10-13
631 1013 812 1099 proiectam
832 1037 901 1079 esse
920 1016 1153 1099 contendimus,
1176 1017 1229 1081 hic
1247 1039 1326 1100 quo-

155 1142 217 1204 que
236 1123 419 1185 statuamus
438 1124 544 1186 certos
562 1144 713 1187 numeros
733 1123 885 1188 afferendi
906 1124 1013 1187 studio
1032 1122 1209 1208 inductum,
1227 1126 1326 1190 verba

155 1228 224 1307 ,καὶ
251 1228 296 1292 εἰ(
324 1229 430 1307 φυγὴν
458 1227 574 1307 ἔτρεψε
598 1231 673 1293 τοὺ(
697 1229 938 1309 ἑξακιτχιλίον(ιι
966 1232 999 1294 in
1028 1233 1213 1295 contextum
1242 1233 1327 1296 intu-

153 1335 245 1418 lisse,
272 1333 328 1398 sed
356 1355 394 1398 eo
421 1335 577 1420 ineptius,
611 1337 709 1421 quod,
737 1360 809 1401 cum
836 1337 898 1401 hoc
926 1337 991 1401 fere
1022 1338 1199 1421 exprimere
1228 1341 1326 1404 vellet

153 1446 242 1525 ,νικᾷ
269 1442 344 1506 τοὺ(
367 1442 592 1521 ἑξακιτχιλίου(
614 1445 690 1507 τοὺ(
718 1445 782 1523 πρὸ
807 1445 958 1523 βατιλέωτ
985 1448 1225 1526 τεταγμένουτιί,
1252 1450 1324 1511 toto

154 1548 322 1613 enuntiato
346 1550 415 1628 ,καὶ
438 1549 482 1614 εἰ(
506 1553 631 1630 φυγήνιι
654 1555 720 1616 κτλ.
745 1550 869 1635 addito,
892 1551 1055 1634 praesidia
1078 1554 1164 1638 regis
1187 1555 1222 1618 in
1246 1554 1325 1620 duas

152 1660 264 1741 partes
287 1677 418 1741 prorsus
442 1656 587 1723 diversas
611 1657 731 1722 divisit.

242 1761 333 1838 Quod
358 1786 377 1827 a
399 1762 627 1846 Xenophontis
652 1764 815 1828 sententia
838 1787 903 1828 non
926 1765 1034 1830 minus
1058 1767 1200 1833 alienum
1226 1768 1326 1834 fuisse

152 1871 279 1936 videtur
302 1893 398 1955 quarn
423 1868 615 1956 Dinonis⁵³)‚
645 1872 736 1936 cuius
760 1872 905 1937 narratio
930 1875 1015 1958 apud
1038 1874 1248 1940 Plutarchum
1276 1899 1326 1940 ex·

153 1981 233 2062 stat,
265 1977 320 2061 qui
349 1976 547 2062 Artagersen
581 1978 614 2041 in
646 1979 752 2062 primo
786 1979 916 2063 agmine
952 1984 1065 2045 contra
1092 1979 1227 2065 Oyrum'
1242 2004 1325 2067 equo

153 2085 323 2150 advectum
347 2083 414 2147 sine
438 2083 536 2148 dubio
557 2083 668 2149 ducem
688 2090 772 2164 ,τῶν
790 2090 1058 2167 προτεταγμένων
1078 2093 1136 2152 τοῦ
1157 2091 1326 2168 poculo&

151 2192 232 2258 facit
266 2192 465 2274 alteramque
497 2190 663 2254 cohortem
700 2191 786 2276 regis
829 2191 969 2275 ignorat.
1024 2193 1227 2277 Quamquam
1264 2196 1326 2261 hoc

151 2301 253 2383 patet,
272 2299 300 2362 si
318 2297 414 2361 modo
433 2297 533 2362 verba
555 2295 668 2376 ,ἄλλοι
687 2296 716 2361 δ’
734 2299 812 2379 ῆεαν
832 2299 1030 2378 ἑξακιεχίλιοι
1049 2301 1174 2365 iuuet&
1197 2301 1267 2386 Ι,7,
1285 2306 1323 2367 11

152 2406 187 2470 in
215 2427 383 2470 numerum
413 2403 708 2468 additamentorum
733 2405 953 2485 retulerimus,
980 2430 1021 2471 ne
1045 2407 1070 2491 Ι,
1085 2409 1114 2491 8,
1129 2409 1172 2472 24
1195 2410 1324 2492 quidem

152 2513 278 2577 defendi
301 2533 407 2595 posse,
430 2511 550 2596 quippe
570 2533 641 2575 cum
661 2511 816 2576 articulus
835 2514 911 2577 τούτ
931 2518 1007 2577 ante
1026 2516 1250 2593 ἑξακιτχιλίου(
1269 2540 1325 2602 po-

152 2619 247 2702 situs,
270 2619 321 2683 cui
346 2618 601 2684 demonstrativa
625 2619 674 2682 vis
699 2619 906 2684 attribuenda
929 2624 993 2703 est,
1016 2643 1080 2686 non
1104 2622 1237 2705 habeat,
1261 2646 1324 2707 quo

152 2728 285 2810 spectet.

240 2832 331 2897 Haec
354 2836 444 2915 sunt,
467 2855 548 2915 quae
573 2833 613 2896 ad
637 2832 1012 2917 Richteri‘quaestiones
1033 2859 1159 2903 summo
1178 2839 1324 2903 acumine

150 2939 316 3006 institutas
339 2938 524 3024 adiungere
563 2940 730 3005 voluerim.
783 2940 897 3025 ltaque
935 2964 1007 3006 cum
1039 2943 1233 3027 Ritsehelio,
1270 2946 1325 3028 qui

152 3048 352 3113 coniecturas
386 3068 460 3109 suas
493 3045 554 3109 hac
587 3046 714 3111 ratione
742 3046 827 3110 tueri
856 3047 964 3111 studet
994 3048 1194 3133 „Xenophon
1225 3050 1325 3135 greift

152 3154 250 3220 somit
269 3176 321 3218 am
334 3152 501 3217 H'ochsten
523 3153 639 3216 14900
658 3176 687 3215 u.
704 3175 727 3216 s,
743 3176 781 3216 w.
814 3151 903 3216 Aber
923 3154 980 3217 wir
1000 3155 1127 3219 bleiben
1146 3156 1199 3220 bei
1217 3155 1324 3221 Xeno-

150 3260 238 3346 phon
266 3261 298 3323 in
328 3261 384 3323 der
411 3258 571 3342 Analogia
599 3259 660 3322 mit
687 3259 748 3323 den
776 3259 883 3323 hohen
912 3259 1072 3345 Angaben
1102 3260 1158 3324 der
1186 3262 1323 3345 librigen

150 3367 255 3432 Heere
278 3390 308 3443 u.
328 3389 352 3431 s.
371 3365 427 3430 w.“
459 3367 511 3429 vel
539 3363 611 3429 ideo
639 3365 744 3443 facere
775 3387 840 3429 non
872 3389 1020 3451 possum,
1053 3367 1137 3450 quod
1170 3391 1323 3433 numeros

150 3474 348 3539 exercituum
368 3473 551 3537 erratione
571 3471 711 3555 quadam
731 3494 830 3556 supra
849 3473 981 3537 modum
1006 3495 1124 3558 augere
1149 3476 1189 3538 ab
1214 3475 1323 3539 animo

150 3580 385 3665 Xenophontis
404 3560 487 3644 nihil
506 3578 546 3643 ad
566 3579 737 3644 arbitrium
751 3581 943 3663 revocantis,
962 3603 1094 3663 prorsus
1116 3581 1323 3646 abhorruisse

150 3687 319 3752 contendo.

222 3917 267 3985 52)
286 3917 311 3985 Ι,
330 3921 356 3985 7,
377 3922 422 3970 11:
446 3917 523 3970 ἄλλοι
542 3918 573 3969 δ’
589 3918 658 3983 ἠταν
677 3915 844 3982 ἑξακιεχίλιοι
863 3916 951 3970 ἱππεῖ(
969 3917 1010 3970 ὧν
1030 3918 1212 3985 Ἀρταγέρεηε
1229 3921 1322 3986 ἦρχεν.

149 4007 228 4060 οὗτοι
247 4008 278 4060 δὲ
295 4007 350 4073 πρὸ
369 3991 460 4060 αὐτοῦΙ
476 4007 604 4071 βααλέω(
621 4007 783 4071 τεταγμένοι
801 4008 877 4073 ἠταν.

221 4097 266 4163 53)
284 4094 358 4148 Plut.
377 4095 474 4148 Artox.
496 4101 537 4163 10,
555 4100 598 4151 20.

165 4220 167 4224 ,
222 4186 267 4251 54)
286 4180 351 4238 Alio
369 4183 431 4237 loco
450 4185 524 4253 (pag.
540 4184 603 4252 446)
623 4182 692 4237 dicit
709 4183 792 4237 haec:
812 4182 873 4236 Wir
891 4183 1004 4238 bleiben
1022 4185 1052 4238 in
1071 4185 1120 4240 der
1139 4186 1236 4240 beaten
1249 4186 1322 4239 Ana-

148 4271 239 4342 logie,
262 4288 344 4326 wenn
363 4271 414 4324 wir
432 4270 487 4325 den
505 4271 661 4341 Xenophon
679 4272 810 4326 liberaler
827 4272 949 4327 rechnen
968 4274 1059 4328 lassen
1078 4274 1119 4330 als
1137 4274 1181 4328 die
1201 4275 1322 4330 anderen

149 4359 412 4428 Gewtihrsm‘anner3
438 4359 511 4414 denn
535 4361 606 4415 auch
630 4361 680 4416 das
699 4361 864 4416 Perserheer
887 4361 937 4417 des
956 4361 1054 4433 Cyrus,
1079 4364 1128 4417 das
1147 4363 1253 4417 Diodor
1269 4382 1323 4417 nur

148 4466 182 4502 zu
201 4455 236 4504 ‘10
245 4455 298 4503 000
316 4449 401 4503 Mann
421 4449 577 4520 anschlhgt,
595 4449 673 4504 zhhlt
690 4449 736 4505 bei
754 4449 814 4504 ihm
834 4455 956 4508 100000.
