2954 4980
686 330 901 394 ,34-

213 489 302 566 tulit,
326 488 422 552 nimis
445 489 619 572 premenda
642 493 700 554 est.
745 487 830 553 Nam
854 489 1002 574 quamvis
1025 486 1215 576 Nissenii³³)
1243 490 1390 574 disputa-

213 594 356 660 tionibus
372 596 628 660 demonstratum
647 595 699 679 sit,
718 595 897 660 Diodorum
911 596 945 659 in
958 595 1051 660 libris
1064 594 1390 680 XXVIH—XXXII,

214 705 370 786 quantum
398 703 507 768 ridere
536 703 646 786 liceat,
678 724 779 786 paene
808 704 913 768 solum
940 701 1114 786 Polybium
1141 699 1389 789 (XVI-XXX)

213 809 410 892 excerpsisse
429 810 570 894 itemque
589 809 769 874 Diodorum
788 832 860 874 cum
880 808 993 875 Curtio
1013 808 1099 874 Rufo
1118 809 1325 875 conferentes
1348 832 1390 875 ex

212 936 276 979 uno
310 911 475 979 Clitarcho
508 917 544 979 in
575 917 659 981 libro
687 915 782 981 XVII
816 938 889 981 eum
922 940 980 981 sua
1012 916 1160 981 hausisse
1191 915 1389 1001 noverimus,

213 1024 323 1085 tamen
346 1026 534 1087 constanter
555 1023 642 1088 hunc
665 1045 789 1088 morem
813 1045 886 1087 curn
910 1026 1055 1088 secutum
1078 1045 1149 1088 esse
1167 1027 1204 1087 ut
1222 1023 1297 1089 aliis
1317 1023 1388 1088 fon·

212 1128 301 1192 tibus
324 1129 481 1214 neglectis
509 1152 607 1194 unum
639 1135 803 1196 auctorem
831 1130 1028 1195 exscriberet
1057 1129 1132 1194 inde
1164 1130 1255 1195 nullo
1289 1129 1388 1194 modo

213 1235 323 1320 colligi
350 1240 470 1318 potest.
506 1237 648 1302 Exstant
674 1239 759 1303 enim
782 1237 972 1302 testimonia
999 1235 1196 1302 abH01mio
1220 1239 1389 1322 congesta,

213 1343 329 1425 quibus
352 1342 532 1408 Diodorum
557 1347 737 1429 complures
761 1345 870 1410 fontes
894 1345 922 1410 si
945 1366 1011 1409 non
1034 1343 1239 1410 coniunxisse
1263 1347 1298 1408 at
1320 1364 1388 1408 una

214 1449 400 1529 adhibuisse
428 1451 497 1514 sine
527 1451 625 1516 dubio
649 1448 932 1538 comprobetur.³4)
977 1449 1100 1526 Quibus
1124 1472 1184 1535 ego
1208 1471 1310 1514 unum
1333 1450 1387 1514 ad·

214 1555 302 1640 dam,
340 1557 427 1640 quod
456 1559 565 1622 oculos
598 1559 741 1624 virorum
775 1559 941 1623 doctorum
979 1556 1084 1621 adhuc
1117 1557 1239 1642 effugit.
1293 1556 1388 1623 Post

214 1684 310 1745 quam
335 1665 420 1728 enim
444 1665 537 1730 initio
562 1687 629 1750 cap.
651 1667 688 1729 11
715 1665 790 1730 libri
808 1663 888 1729 XIV
912 1687 930 1728 a
953 1664 1049 1728 rebus
1074 1663 1296 1728 Siciliensibus
1320 1686 1389 1729 ver-

211 1769 263 1833 bis
293 1768 358 1833 illis
386 1769 648 1854 frequentissime
679 1772 833 1836 adhibitis
866 1772 1008 1851 „sotrum
1032 1772 1067 1835 δὲ
1091 1767 1389 1858 πραττομένων35)“

213 1874 253 1937 ad
276 1897 327 1938 res
351 1875 385 1938 in
409 1875 489 1941 Asia
513 1880 621 1961 gestas
646 1878 790 1962 transiit,
815 1878 853 1941 de
876 1900 954 1942 nece
971 1877 1154 1943 Alcibiadis
1173 1879 1253 1942 duas
1276 1900 1389 1943 narra·

212 1981 317 2061 tiones
350 1982 436 2047 inter
468 2006 502 2048 se
536 1988 754 2070 repugnantes
787 1984 888 2048 affert.
941 1985 1048 2069 Atque
1080 1984 1214 2049 alterius
1247 1985 1386 2069 quidem,

213 2111 311 2172 quam
334 2090 526 2173 praetulisse
549 2091 690 2175 videtur,
713 2095 878 2156 auctorem
901 2113 967 2156 non
991 2092 1135 2183 apponit.
1178 2090 1325 2156 Alteram
1349 2114 1387 2156 ex

212 2194 338 2278 Ephori
370 2195 517 2260 historiis
550 2197 702 2262 haustam
731 2220 802 2262 eam
833 2199 875 2262 ob
909 2220 1039 2263 eausam
1068 2219 1321 2264 commemorare
1352 2220 1387 2263 se

211 2302 294 2365 velle
312 2303 497 2386 profitetur,
521 2305 606 2388 quod
625 2305 782 2368 memoria
800 2304 887 2368 haud
906 2304 1042 2390 indigna
1061 2327 1130 2368 esse
1149 2304 1211 2369 sibi
1230 2305 1387 2371 videatur.

214 2408 288 2472 lure
311 2409 414 2493 igitur
436 2410 536 2475 etiam
558 2410 635 2475 hinc
658 2411 808 2476 concludi
832 2415 955 2494 potest,
977 2433 1043 2475 non
1063 2401 1388 2494 semperDiodorum

212 2538 276 2580 uno
299 2516 391 2580 fonte
415 2520 601 2582 contentum
620 2517 734 2601 fuisse,
758 2517 813 2580 sed
836 2517 1016 2601 complures
1040 2517 1202 2582 interdum
1225 2517 1261 2582 in
1283 2520 1387 2583 mani·

212 2622 272 2686 bus
296 2623 457 2688 habuisse.
504 2623 707 2708 Quamquam
738 2624 881 2688 diversas
911 2625 949 2688 de
975 2616 1041 2689 una
1069 2647 1196 2709 quaque
1218 2647 1253 2690 re
1276 2647 1387 2691 narra

211 2729 317 2794 tiones
338 2731 478 2815 undique
499 2731 620 2815 petitas
635 2753 762 2816 semper
777 2734 933 2796 annotare
948 2731 1116 2814 operosius
1131 2753 1235 2815 neque
1249 2733 1386 2798 consilio

212 2834 280 2899 eius
308 2837 493 2901 universam
521 2837 609 2900 orbis
638 2839 797 2901 terrarum
820 2837 994 2903 historiam
1018 2860 1115 2921 quam
1139 2839 1387 2925 angustissimis

212 2941 330 3006 finibus
355 2942 569 3007 adumbrandi
594 2946 663 3006 erat
687 2941 854 3030 aptum.³⁶)

301 3048 442 3114 Tantum
463 3054 571 3114 autem
591 3049 692 3134 abest,
716 3054 752 3114 ut
772 3049 840 3114 sine
858 3050 928 3115 ullo
949 3050 1067 3115 iudicio
1087 3050 1265 3134 quemlibet
1284 3050 1387 3136 scrip-

211 3160 314 3222 torem
339 3158 554 3242 exscripserit,
577 3161 686 3222 utres
712 3179 792 3241 quae
816 3157 975 3221 memoria
999 3157 1028 3221 ei
1048 3156 1166 3243 dignae
1186 3179 1256 3222 esse
1275 3157 1386 3222 viden·

211 3268 278 3346 tur,
310 3253 536 3329 alevioribus
571 3265 750 3329 discernere
785 3263 922 3327 studeat.
973 3262 1065 3339 Quod
1093 3267 1130 3328 ut
1158 3265 1388 3350 demonstrem,

211 3370 271 3434 hos
295 3371 383 3435 locos
407 3370 530 3455 perlegi
553 3371 662 3435 iubeo:
694 3369 768 3453 XII,
787 3370 838 3446 21,
853 3370 888 3451 33
916 3370 1016 3454 38,1;
1044 3369 1135 3454 XIII,
1153 3371 1206 3456 35,
1220 3371 1255 3456 55
1279 3371 1331 3456 52,
1346 3372 1384 3449 2;
1429 3406 1434 3410 Δ

212 3477 263 3561 81,
278 3477 313 3563 43
338 3477 390 3561 84,
405 3478 423 3541 7
431 3501 439 3560 3
466 3478 537 3561 104,
553 3477 587 3562 83
611 3476 717 3560 108,5
737 3479 815 3559 κτλ,
839 3497 877 3540 ex
895 3477 1128 3560 posterioribus
1149 3482 1256 3543 autem
1275 3478 1387 3544 libris:

211 3582 299 3668 XVI,
318 3586 419 3669 aaa
442 3582 564 3668 XVIII,
583 3583 658 3667 5,1.
705 3582 829 3658 Quibus
858 3605 896 3646 ex
926 3585 1075 3648 omnibus
1103 3586 1165 3650 hoc
1193 3586 1262 3651 sine
1286 3585 1386 3650 dubio

212 3713 366 3773 apparere
394 3692 535 3774 videtur,
561 3689 717 3754 historiae
745 3689 985 3772 componendae
1012 3712 1078 3755 uon
1105 3694 1174 3755 tarn
1198 3691 1385 3776 imperitum

282 3920 327 3987 33)
346 3919 378 3973 H.
399 3918 591 3986 Nissenius,
614 3918 754 3972 Kritisehe
779 3916 1031 3986 Untersuchungen
1054 3912 1124 3974 iiber
1146 3919 1191 3973 die
1215 3920 1303 3976 vierte
1327 3922 1385 3975 und

210 4007 301 4062 funfte
319 4007 433 4061 Dekade
453 4008 502 4062 des
520 4008 624 4064 Livius.

282 4096 327 4165 34)
346 4095 417 4148 Vide
436 4095 573 4164 imprimis
591 4095 722 4166 paginas:
741 4101 801 4162 342,
822 4101 864 4162 64,
884 4101 926 4162 65,
947 4102 988 4163 72,
1008 4102 1049 4151 77.

282 4187 326 4251 35)
346 4185 399 4238 Pro
418 4184 462 4238 his
481 4186 566 4239 etiam
589 4189 680 4255 magis
704 4184 733 4237 in
755 4202 807 4238 usu
826 4186 869 4239 est
892 4186 966 4252 „dua
985 4186 1015 4238 δὲ
1035 4187 1147 4240 τούτοις
1163 4189 1386 4254 πραττομένοιείί

210 4272 773 4342 mmmmmmmmm

282 4363 327 4430 66)
347 4360 418 4414 Mihi
431 4359 577 4430 Diodorus,
591 4363 727 4430 quantum
741 4360 887 4430 perspicio,
905 4359 1042 4431 imprimis
1056 4362 1105 4417 ubi
1118 4362 1227 4416 numeri
1240 4363 1386 4432 copiarum

210 4448 256 4503 vel
275 4466 373 4504 causae
393 4449 512 4504 alicuius
530 4450 571 4505 rei
588 4451 745 4516 traduntur,
764 4450 866 4503 testem
885 4450 931 4504 vel
948 4450 1036 4504 testes
1055 4451 1216 4507 adhibuisse
1234 4451 1352 4506 videtur.
