2954 4980
622 273 840 337 ..32-

145 434 294 518 partibus
322 433 443 498 similia
470 435 511 498 ab
539 437 676 516 utroque
699 432 822 496 referri.
866 430 956 506 Quae
979 452 1053 495 cum
1076 430 1126 494 ita
1148 430 1229 514 sint,
1257 429 1323 494 for·

146 545 234 605 tasse
257 540 397 605 dubitari
420 541 534 625 possit,
557 544 665 605 utrum
688 539 849 605 Diodorus
872 540 980 622 ipsum
1003 536 1255 619 Xenophontem
1280 573 1320 582 -

148 648 182 712 id
206 647 290 731 quod
312 646 582 712 verisimillimum
613 667 683 710 esse
712 668 810 731 supra
832 646 898 710 dixi
923 683 962 692 —
988 666 1031 709 an
1052 643 1236 728 Ephorum,
1267 643 1323 728 qui

150 756 248 818 antea
265 753 490 836 Xenophontis
515 752 608 816 libris
632 774 710 817 usus
735 752 785 836 sit,
808 751 843 815 in
865 750 1016 816 manibus
1039 749 1199 814 habuerit
1236 747 1323 814 Nam

147 859 215 924 fere
238 881 303 924 una
326 862 376 923 est
399 859 543 923 omnium
568 859 709 923 virorum
734 858 901 923 doctorum
925 855 1100 939 sententia,
1124 856 1179 939 qui
1202 843 1340 920 Diodo·.

149 989 221 1030 rum
245 989 344 1030 unum
368 987 495 1049 semper
518 966 710 1049 scriptorem
738 964 832 1049 quasi
860 964 972 1028 ducem
1001 967 1147 1028 secutum
1174 965 1208 1025 et
1236 984 1323 1027 com-

148 1072 257 1156 plures
271 1072 378 1137 fontes
393 1072 478 1137 inter
492 1094 526 1136 se
537 1072 754 1157 coniungendi
765 1094 807 1136 ne
821 1071 1026 1163 mediocriter
1039 1070 1169 1154 quidem
1183 1069 1324 1153 peritum

148 1178 249 1244 fuisse
274 1179 480 1244 contendunt.
519 1177 564 1243 At
586 1179 756 1263 Ephorum
779 1178 1028 1243 disertissimum
1050 1176 1206 1242 Isocratis
1230 1175 1326 1239 disci-

148 1286 261 1368 pulum
289 1287 387 1350 etiam
415 1285 448 1348 in
476 1285 537 1349 hae
564 1307 598 1349 re
627 1285 817 1369 scriptorem
844 1283 932 1350 haud
959 1283 1230 1350 contomnendum
1254 1305 1326 1348 esse

151 1414 264 1458 omnes
287 1393 354 1457 fere
378 1396 517 1456 censent.

239 1499 309 1564 Iam
334 1504 508 1584 antequam
530 1523 636 1566 meam
660 1501 699 1564 de
726 1501 779 1565 his
803 1501 898 1566 rebus
922 1499 1119 1582 sententiam
1143 1499 1327 1563 accuratius

153 1608 324 1691 explicem,
352 1628 464 1672 eorum
491 1608 634 1672 virorum
660 1608 803 1672 breviter
832 1607 1030 1672 mentionem
1058 1605 1199 1690 faciam,
1223 1605 1279 1689 qui
1309 1628 1328 1669 a

152 1714 295 1779 Diodoro
323 1736 396 1779 cum
419 1713 588 1798 Ephorum
617 1715 813 1798 exscriptum
836 1736 906 1779 esse
931 1713 1112 1797 disputent,
1139 1713 1227 1796 ipsos
1250 1711 1327 1775 illos

153 1821 340 1904 scriptores,
366 1821 420 1903 qui
442 1821 539 1904 primi
559 1844 610 1885 res
630 1826 739 1907 gestas
763 1822 868 1886 literis
892 1822 1140 1902 mandaverunt,
1163 1817 1328 1901 imprimis

154 1927 375 2010 Thucydidem
403 1931 436 1990 et
464 1925 726 2013 Xenophontem,
759 1927 924 1993 adhibitos
952 1948 1022 1993 esse
1049 1929 1180 2011 negant.
1234 1923 1327 1999 Quod

153 2037 327 2118 postquam
348 2033 623 2116 Volquardsenius
646 2035 794 2100 universe
819 2035 948 2119 statuit,
972 2029 1231 2118 Collmannus²⁵l
1256 2054 1328 2096 eam

153 2145 289 2225 partem,
313 2162 394 2224 quae
418 2144 467 2205 est
490 2141 528 2204 de
552 2141 638 2206 bello
658 2141 944 2226 Peloponnesiaco,
968 2163 1032 2206 non
1051 2140 1091 2205 ab
1111 2141 1183 2224 ipso
1204 2138 1329 2222 Thucy·

153 2247 225 2312 dide
254 2248 310 2312 sed
339 2248 380 2312 ab
403 2246 537 2330 Ephoro
566 2253 728 2332 sumptam
757 2272 826 2314 esse
854 2249 942 2313 haud
970 2248 1040 2313 sine
1067 2269 1188 2332 magna
1210 2247 1328 2331 proba·

152 2353 281 2418 bilitate
305 2353 422 2418 docuit.
468 2352 576 2437 Atque
604 2356 638 2419 in
666 2357 800 2420 eandem
824 2355 1019 2420 sententiam
1043 2350 1239 2439 Frickiusffi)
1262 2353 1327 2416 dis·

154 2461 297 2546 putavit,
326 2461 382 2544 qui
411 2460 539 2550 quidem
567 2483 639 2525 cum
666 2484 707 2525 ne
735 2463 901 2527 minimam
930 2462 1059 2548 quidem
1088 2461 1268 2524 sollertiam
1294 2459 1328 2521 in

154 2567 295 2632 historia
318 2568 542 2651 componenda
560 2568 705 2634 Diodoro
729 2570 868 2653 tribuat,
892 2565 1005 2655 alio²⁷)
1028 2568 1101 2632 loco
1125 2567 1207 2632 miro
1232 2565 1328 2631 modo

154 2696 262 2739 secum
286 2675 474 2741 discordans
497 2675 577 2741 haec
600 2676 735 2740 adnotat
761 2676 845 2761 „Fur
869 2697 929 2740 uns
952 2675 1024 2740 h’alt
1047 2697 1081 2738 es
1104 2698 1171 2740 nun
1195 2675 1329 2757 schwer,

155 2781 232 2845 oder
262 2783 306 2846 ist
339 2782 437 2846 haum
470 2783 625 2867 moglich,
657 2783 710 2846 bei
744 2783 854 2848 diesen
885 2782 983 2847 Allen
1017 2781 1067 2846 die
1101 2781 1236 2857 Quellen
1268 2780 1329 2843 mit

155 2886 337 2956 Sicherheit
355 2889 608 2972 nachzuweisen,
627 2890 700 2954 weil
718 2889 844 2955 Diodor
862 2889 934 2953 hier
953 2911 1010 2952 aus
1027 2887 1088 2951 den
1107 2887 1329 2952 verschieden-

155 2995 317 3080 artigsten
345 2994 602 3060 Schriftstellern
633 3033 669 3041 -
701 2998 788 3061 seine
816 2995 954 3062 Notizen
986 2997 1330 3079 zusammengetragen

156 3103 240 3166 hae‘.
272 3101 419 3185 Denique
440 3098 923 3189 Holzapfelius2⁸)0011mann0
949 3122 1137 3165 succurrens
1156 3101 1330 3184 quominus

157 3211 264 3293 ipsum
282 3207 502 3291 Thucydidem
523 3231 542 3272 a
560 3209 703 3274 Diodoro
727 3211 879 3274 continuo
903 3207 1085 3271 adhibitum
1110 3229 1179 3272 esse
1198 3209 1331 3289 putaret

157 3315 341 3398 prohibitus
361 3320 420 3400 est,
443 3317 686 3399 primumquod
709 3338 761 3381 res
785 3316 819 3381 in
836 3314 1038 3381 bibliotheca
1056 3315 1244 3397 plerumque
1265 3314 1330 3378 alio

159 3422 271 3486 ordine
291 3423 387 3504 atque
410 3422 444 3484 in
462 3420 660 3504 Thucydidis
679 3423 770 3486 libris
790 3425 996 3505 enarrantur,
1019 3421 1132 3485 deinde
1151 3421 1236 3504 quod
1255 3442 1331 3484 raro

158 3531 243 3613 apud
268 3528 447 3593 Diodorum
470 3531 578 3592 exstat
601 3535 711 3613 eaput,
740 3530 831 3593 ouius
855 3531 1082 3613 argumentum
1107 3549 1179 3616 cum
1203 3525 1332 3609 Thucy-

158 3634 251 3700 dideo
281 3639 388 3700 totum
416 3635 597 3701 conveniat.
649 3636 809 3712 Quoniam
840 3638 947 3699 autem
981 3636 1122 3718 constat,
1154 3632 1332 3698 Oumaeum

159 3781 372 3789 -υ-ρ--ω--ι

229 3868 275 3935 25)
299 3865 340 3920 De
368 3863 486 3920 Diodori
514 3864 600 3920 Siculi
627 3864 752 3921 fontibus
780 3866 928 3920 comment.
956 3864 1017 3920 orit.
1043 3881 1102 3933 cap.
1127 3863 1173 3920 IV.
1215 3862 1333 3919 Dissert

105 3954 108 3958 ’
157 3953 509 4023 inaug.Marburgi1869.

228 4047 274 4112 26)
292 4043 544 4113 Untersuchungen
569 4042 639 4097 fiber
661 4043 706 4096 die
725 4044 844 4109 Quellen
867 4044 916 4097 des
939 4042 1072 4097 Plutarch
1095 4043 1133 4096 im
1153 4042 1252 4098 Nihiaa
1275 4045 1334 4098 und

157 4132 332 4201 Alkibiades,
350 4133 466 4204 Leipzig
486 4137 563 4189 1869.

229 4223 274 4291 27)
293 4222 361 4292 Pag.
380 4227 423 4276 4⁷.
927 4271 929 4274 ,

230 4314 276 4380 28)
292 4310 544 4380 Untersuchungen
557 4311 626 4366 iiber
641 4311 685 4366 die
700 4311 880 4382 Darstellung
895 4312 944 4366 der
957 4312 1149 4381 griechischen
1163 4310 1333 4366 Geschichte

159 4417 215 4454 von
233 4404 356 4453 489-13
377 4418 402 4454 v.
422 4399 485 4452 Chr.
522 4399 824 4456 Habilitationssehrift
841 4400 956 4470 Leipzig
976 4405 1051 4455 1879.
1098 4454 1100 4459 ,
1208 4391 1210 4396 ’
