<?xml version="1.0" encoding="UTF-8"?>
<!DOCTYPE html PUBLIC "-//W3C//DTD XHTML 1.0 Transitional//EN"
    "http://www.w3.org/TR/xhtml1/DTD/xhtml1-transitional.dtd">
<html xmlns="http://www.w3.org/1999/xhtml" xml:lang="en" lang="en">
 <head>
  <title>
</title>
<meta http-equiv="Content-Type" content="text/html;charset=utf-8" />
  <meta name='ocr-system' content='tesseract 3.04.00' />
  <meta name='ocr-capabilities' content='ocr_page ocr_carea ocr_par ocr_line ocrx_word'/>
</head>
<body>
  <div class='ocr_page' id='page_1' title='image "./dexenophontisan00neubgoog_0054.png"; bbox 0 0 2954 4980; ppageno 0'>
   <div class='ocr_carea' id='block_1_1' title="bbox 694 313 914 377">
    <p class='ocr_par' dir='ltr' id='par_1_1' title="bbox 694 313 914 377">
     <span class='ocr_line' id='line_1_1' title="bbox 694 313 914 377; baseline 0.009 -20"><span class='ocrx_word' id='word_1_1' title='bbox 694 313 914 377; x_wconf 45' lang='lat'>426...</span> 
     </span>
    </p>
   </div>
   <div class='ocr_carea' id='block_1_2' title="bbox 218 473 1399 668">
    <p class='ocr_par' dir='ltr' id='par_1_2' title="bbox 218 473 1399 668">
     <span class='ocr_line' id='line_1_2' title="bbox 218 473 1399 555; baseline 0.003 -18"><span class='ocrx_word' id='word_1_2' title='bbox 218 473 288 553; x_wconf 84' lang='grc' dir='ltr'>ρίου</span> <span class='ocrx_word' id='word_1_3' title='bbox 308 476 395 552; x_wconf 80' lang='grc' dir='ltr'>μνᾶε,</span> <span class='ocrx_word' id='word_1_4' title='bbox 415 473 498 537; x_wconf 82' lang='grc' dir='ltr'>ἐπὰν</span> <span class='ocrx_word' id='word_1_5' title='bbox 517 473 561 539; x_wconf 79' lang='grc' dir='ltr'>εἰ(</span> <span class='ocrx_word' id='word_1_6' title='bbox 577 476 753 555; x_wconf 89' lang='grc' dir='ltr'>Βαβυλῶνα</span> <span class='ocrx_word' id='word_1_7' title='bbox 772 475 892 554; x_wconf 83' lang='grc' dir='ltr'>ἥκω(ι“.</span> <span class='ocrx_word' id='word_1_8' title='bbox 925 473 1013 550; x_wconf 79' lang='lat' dir='ltr'>Quae</span> <span class='ocrx_word' id='word_1_9' title='bbox 1034 475 1131 538; x_wconf 88' lang='lat' dir='ltr'>verba</span> <span class='ocrx_word' id='word_1_10' title='bbox 1149 475 1288 540; x_wconf 83' lang='lat' dir='ltr'><strong>maxime</strong></span> <span class='ocrx_word' id='word_1_11' title='bbox 1308 476 1399 540; x_wconf 89' lang='lat' dir='ltr'>inter</span> 
     </span>
     <span class='ocr_line' id='line_1_3' title="bbox 218 580 1396 668; baseline 0.003 -24"><span class='ocrx_word' id='word_1_12' title='bbox 218 601 252 644; x_wconf 89' lang='lat' dir='ltr'>se</span> <span class='ocrx_word' id='word_1_13' title='bbox 276 581 462 665; x_wconf 85' lang='lat' dir='ltr'>conspirare</span> <span class='ocrx_word' id='word_1_14' title='bbox 486 581 559 664; x_wconf 85' lang='lat' dir='ltr'>quis</span> <span class='ocrx_word' id='word_1_15' title='bbox 578 583 628 645; x_wconf 89' lang='lat' dir='ltr'>est</span> <span class='ocrx_word' id='word_1_16' title='bbox 647 582 722 665; x_wconf 88' lang='lat' dir='ltr'>quin</span> <span class='ocrx_word' id='word_1_17' title='bbox 741 581 934 666; x_wconf 80' lang='lat' dir='ltr'>intellegat?</span> <span class='ocrx_word' id='word_1_18' title='bbox 958 580 1118 667; x_wconf 85' lang='lat' dir='ltr'>Atquet</span> <span class='ocrx_word' id='word_1_19' title='bbox 1085 605 1101 646; x_wconf 93' lang='lat' dir='ltr'>e</span> <span class='ocrx_word' id='word_1_20' title='bbox 1118 582 1184 647; x_wconf 90' lang='lat' dir='ltr'>iam</span> <span class='ocrx_word' id='word_1_21' title='bbox 1202 582 1237 646; x_wconf 90' lang='lat' dir='ltr'>in</span> <span class='ocrx_word' id='word_1_22' title='bbox 1257 603 1396 668; x_wconf 89' lang='lat' dir='ltr'>sequen-</span> 
     </span>
    </p>
   </div>
   <div class='ocr_carea' id='block_1_3' title="bbox 110 686 1396 776">
    <p class='ocr_par' dir='ltr' id='par_1_3' title="bbox 110 686 1396 776">
     <span class='ocr_line' id='line_1_4' title="bbox 110 686 1396 776; baseline 0.004 -26"><span class='ocrx_word' id='word_1_23' title='bbox 110 719 113 726; x_wconf 58' lang='lat'>&lt;</span> <span class='ocrx_word' id='word_1_24' title='bbox 217 686 305 751; x_wconf 87' lang='lat' dir='ltr'>tibus</span> <span class='ocrx_word' id='word_1_25' title='bbox 329 687 434 752; x_wconf 87' lang='lat' dir='ltr'>tribus</span> <span class='ocrx_word' id='word_1_26' title='bbox 458 687 575 751; x_wconf 78' lang='lat' dir='ltr'><strong>bibliot</strong></span> <span class='ocrx_word' id='word_1_27' title='bbox 561 688 675 752; x_wconf 78' lang='lat' dir='ltr'>thecae</span> <span class='ocrx_word' id='word_1_28' title='bbox 699 688 939 773; x_wconf 89' lang='lat' dir='ltr'>capitibus‚ut</span> <span class='ocrx_word' id='word_1_29' title='bbox 963 711 1001 753; x_wconf 93' lang='lat' dir='ltr'>ea</span> <span class='ocrx_word' id='word_1_30' title='bbox 1024 712 1088 753; x_wconf 89' lang='lat' dir='ltr'>una</span> <span class='ocrx_word' id='word_1_31' title='bbox 1112 690 1396 776; x_wconf 88' lang='lat' dir='ltr'>comprehendam,</span> 
     </span>
    </p>
   </div>
   <div class='ocr_carea' id='block_1_4' title="bbox 117 794 1422 4094">
    <p class='ocr_par' dir='ltr' id='par_1_4' title="bbox 147 794 1396 881">
     <span class='ocr_line' id='line_1_5' title="bbox 147 794 1396 881; baseline 0.002 -23"><span class='ocrx_word' id='word_1_32' title='bbox 147 861 150 866; x_wconf 62' lang='grc'>,</span> <span class='ocrx_word' id='word_1_33' title='bbox 216 795 374 859; x_wconf 89' lang='lat' dir='ltr'>nonnulla</span> <span class='ocrx_word' id='word_1_34' title='bbox 407 817 478 859; x_wconf 92' lang='lat' dir='ltr'>cum</span> <span class='ocrx_word' id='word_1_35' title='bbox 508 794 654 878; x_wconf 89' lang='lat' dir='ltr'>Xenoph</span> <span class='ocrx_word' id='word_1_36' title='bbox 686 795 795 860; x_wconf 82' lang='lat' dir='ltr'>verbis</span> <span class='ocrx_word' id='word_1_37' title='bbox 823 800 1014 881; x_wconf 90' lang='lat' dir='ltr'>congruunt</span> <span class='ocrx_word' id='word_1_38' title='bbox 1064 795 1210 861; x_wconf 92' lang='lat' dir='ltr'>Primum</span> <span class='ocrx_word' id='word_1_39' title='bbox 1238 797 1326 861; x_wconf 91' lang='lat' dir='ltr'>enim</span> <span class='ocrx_word' id='word_1_40' title='bbox 1355 798 1396 862; x_wconf 92' lang='lat' dir='ltr'>de</span> 
     </span>
    </p>

    <p class='ocr_par' dir='ltr' id='par_1_5' title="bbox 117 899 1422 4094">
     <span class='ocr_line' id='line_1_6' title="bbox 194 899 1396 987; baseline 0.004 -21"><span class='ocrx_word' id='word_1_41' title='bbox 194 904 381 966; x_wconf 86' lang='lat' dir='ltr'>armatura</span> <span class='ocrx_word' id='word_1_42' title='bbox 404 899 481 987; x_wconf 79' lang='lat' dir='ltr'>Cyri</span> <span class='ocrx_word' id='word_1_43' title='bbox 509 902 658 985; x_wconf 89' lang='lat' dir='ltr'>equitum</span> <span class='ocrx_word' id='word_1_44' title='bbox 677 899 731 986; x_wconf 78' lang='lat' dir='ltr'>(X.</span> <span class='ocrx_word' id='word_1_45' title='bbox 753 900 778 985; x_wconf 92' lang='lat' dir='ltr'>I,</span> <span class='ocrx_word' id='word_1_46' title='bbox 802 903 833 966; x_wconf 89' lang='lat'>8.</span> <span class='ocrx_word' id='word_1_47' title='bbox 858 902 876 965; x_wconf 81' lang='lat'><strong>7</strong></span> <span class='ocrx_word' id='word_1_48' title='bbox 905 900 1013 981; x_wconf 78' lang='grc' dir='ltr'>,εἶχον</span> <span class='ocrx_word' id='word_1_49' title='bbox 1037 904 1072 967; x_wconf 80' lang='grc' dir='ltr'>δὲ</span> <span class='ocrx_word' id='word_1_50' title='bbox 1105 905 1156 968; x_wconf 88' lang='grc' dir='ltr'>καὶ</span> <span class='ocrx_word' id='word_1_51' title='bbox 1178 904 1338 984; x_wconf 84' lang='grc' dir='ltr'>μαχαίραε</span> <span class='ocrx_word' id='word_1_52' title='bbox 1363 907 1396 971; x_wconf 85' lang='grc' dir='ltr'>οἱ</span> 
     </span>
     <span class='ocr_line' id='line_1_7' title="bbox 215 1008 1396 1094; baseline 0.004 -21"><span class='ocrx_word' id='word_1_53' title='bbox 215 1009 323 1075; x_wconf 76' lang='grc' dir='ltr'>ἱππεῖ(</span> <span class='ocrx_word' id='word_1_54' title='bbox 346 1008 554 1089; x_wconf 74' lang='grc' dir='ltr'>“Ελληνικάε“,</span> <span class='ocrx_word' id='word_1_55' title='bbox 581 1046 618 1055; x_wconf 93' lang='lat'>-</span> <span class='ocrx_word' id='word_1_56' title='bbox 645 1008 683 1073; x_wconf 89' lang='lat' dir='ltr'>D.</span> <span class='ocrx_word' id='word_1_57' title='bbox 703 1010 794 1093; x_wconf 77' lang='lat' dir='ltr'>22,ss</span> <span class='ocrx_word' id='word_1_58' title='bbox 819 1009 982 1089; x_wconf 81' lang='grc' dir='ltr'>,θώρακαε</span> <span class='ocrx_word' id='word_1_59' title='bbox 1006 1008 1137 1088; x_wconf 77' lang='grc' dir='ltr'>ἔχοντε(</span> <span class='ocrx_word' id='word_1_60' title='bbox 1159 1013 1396 1094; x_wconf 81' lang='grc' dir='ltr'>καὶ,μαχαίραε</span> 
     </span>
     <span class='ocr_line' id='line_1_8' title="bbox 215 1115 1397 1203; baseline 0.002 -21"><span class='ocrx_word' id='word_1_61' title='bbox 215 1115 443 1203; x_wconf 58' lang='grc' dir='ltr'>Ἑλληνικάεί),</span> <span class='ocrx_word' id='word_1_62' title='bbox 467 1120 537 1181; x_wconf 92' lang='lat' dir='ltr'>tum</span> <span class='ocrx_word' id='word_1_63' title='bbox 560 1117 599 1181; x_wconf 88' lang='lat' dir='ltr'>de</span> <span class='ocrx_word' id='word_1_64' title='bbox 621 1117 717 1182; x_wconf 91' lang='lat' dir='ltr'>initio</span> <span class='ocrx_word' id='word_1_65' title='bbox 737 1137 865 1201; x_wconf 82' lang='lat' dir='ltr'>pugnae</span> <span class='ocrx_word' id='word_1_66' title='bbox 883 1117 1006 1201; x_wconf 89' lang='lat' dir='ltr'>pariter</span> <span class='ocrx_word' id='word_1_67' title='bbox 1031 1118 1071 1181; x_wconf 90' lang='lat' dir='ltr'>ab</span> <span class='ocrx_word' id='word_1_68' title='bbox 1096 1121 1232 1203; x_wconf 88' lang='lat' dir='ltr'>utroque</span> <span class='ocrx_word' id='word_1_69' title='bbox 1251 1120 1397 1186; x_wconf 81' lang='lat' dir='ltr'>traditur</span> 
     </span>
     <span class='ocr_line' id='line_1_9' title="bbox 217 1221 1395 1310; baseline 0.003 -21"><span class='ocrx_word' id='word_1_70' title='bbox 217 1221 270 1310; x_wconf 87' lang='lat' dir='ltr'>(X.</span> <span class='ocrx_word' id='word_1_71' title='bbox 294 1224 319 1309; x_wconf 85' lang='lat' dir='ltr'>I,</span> <span class='ocrx_word' id='word_1_72' title='bbox 343 1226 372 1309; x_wconf 89' lang='lat'>8,</span> <span class='ocrx_word' id='word_1_73' title='bbox 398 1227 437 1290; x_wconf 79' lang='lat'>17</span> <span class='ocrx_word' id='word_1_74' title='bbox 471 1225 539 1307; x_wconf 80' lang='grc' dir='ltr'>,καὶ</span> <span class='ocrx_word' id='word_1_75' title='bbox 572 1223 677 1288; x_wconf 84' lang='grc' dir='ltr'>οὐκέτι</span> <span class='ocrx_word' id='word_1_76' title='bbox 710 1222 782 1302; x_wconf 85' lang='grc' dir='ltr'>τρία</span> <span class='ocrx_word' id='word_1_77' title='bbox 810 1225 829 1302; x_wconf 87' lang='grc' dir='ltr'>ἢ</span> <span class='ocrx_word' id='word_1_78' title='bbox 857 1223 993 1302; x_wconf 85' lang='grc' dir='ltr'>τέτταρα</span> <span class='ocrx_word' id='word_1_79' title='bbox 1021 1222 1130 1288; x_wconf 77' lang='lat' dir='ltr'>cruore</span> <span class='ocrx_word' id='word_1_80' title='bbox 1157 1227 1315 1305; x_wconf 83' lang='grc' dir='ltr'>διειχέτην</span> <span class='ocrx_word' id='word_1_81' title='bbox 1346 1229 1395 1292; x_wconf 87' lang='grc' dir='ltr'>τὼ</span> 
     </span>
     <span class='ocr_line' id='line_1_10' title="bbox 216 1328 1392 1412; baseline 0.003 -17"><span class='ocrx_word' id='word_1_82' title='bbox 216 1331 365 1412; x_wconf 86' lang='grc' dir='ltr'>φάλαγγε</span> <span class='ocrx_word' id='word_1_83' title='bbox 389 1330 447 1397; x_wconf 80' lang='grc' dir='ltr'>ἀπ’</span> <span class='ocrx_word' id='word_1_84' title='bbox 471 1330 621 1411; x_wconf 76' lang='grc' dir='ltr'>ἀλλήλων</span> <span class='ocrx_word' id='word_1_85' title='bbox 643 1329 736 1409; x_wconf 86' lang='grc' dir='ltr'>ἡνίκα</span> <span class='ocrx_word' id='word_1_86' title='bbox 759 1328 943 1396; x_wconf 83' lang='grc' dir='ltr'>ἐπαιάνιζόν</span> <span class='ocrx_word' id='word_1_87' title='bbox 962 1351 997 1396; x_wconf 87' lang='grc' dir='ltr'>τε</span> <span class='ocrx_word' id='word_1_88' title='bbox 1021 1330 1052 1395; x_wconf 82' lang='grc' dir='ltr'>οἱ</span> <span class='ocrx_word' id='word_1_89' title='bbox 1069 1331 1239 1411; x_wconf 62' lang='lat' dir='ltr'>‘&#39;ethnice“</span> <span class='ocrx_word' id='word_1_90' title='bbox 1262 1338 1328 1398; x_wconf 84' lang='grc' dir='ltr'>κτλ.</span> <span class='ocrx_word' id='word_1_91' title='bbox 1352 1371 1392 1381; x_wconf 87' lang='grc'><strong>-</strong></span> 
     </span>
     <span class='ocr_line' id='line_1_11' title="bbox 216 1435 1396 1523; baseline 0.005 -22"><span class='ocrx_word' id='word_1_92' title='bbox 216 1437 254 1502; x_wconf 91' lang='lat' dir='ltr'>D.</span> <span class='ocrx_word' id='word_1_93' title='bbox 278 1440 330 1523; x_wconf 85' lang='lat'>23,</span> <span class='ocrx_word' id='word_1_94' title='bbox 355 1441 372 1502; x_wconf 91' lang='lat'>1</span> <span class='ocrx_word' id='word_1_95' title='bbox 402 1438 472 1517; x_wconf 78' lang='grc' dir='ltr'>,Ὡε</span> <span class='ocrx_word' id='word_1_96' title='bbox 505 1439 540 1502; x_wconf 81' lang='grc' dir='ltr'>δὲ</span> <span class='ocrx_word' id='word_1_97' title='bbox 571 1441 656 1517; x_wconf 84' lang='grc' dir='ltr'>τρεῑε</span> <span class='ocrx_word' id='word_1_98' title='bbox 689 1438 803 1516; x_wconf 83' lang='grc' dir='ltr'>εχεδὸν</span> <span class='ocrx_word' id='word_1_99' title='bbox 836 1436 982 1501; x_wconf 82' lang='grc' dir='ltr'>εταδίου(</span> <span class='ocrx_word' id='word_1_100' title='bbox 1014 1435 1151 1516; x_wconf 84' lang='grc' dir='ltr'>ἀπεῖχον</span> <span class='ocrx_word' id='word_1_101' title='bbox 1180 1437 1333 1520; x_wconf 77' lang='grc' dir='ltr'>ἀλλήλων</span> <span class='ocrx_word' id='word_1_102' title='bbox 1361 1443 1396 1507; x_wconf 84' lang='grc' dir='ltr'>αἱ</span> 
     </span>
     <span class='ocr_line' id='line_1_12' title="bbox 216 1543 1396 1634; baseline 0.003 -25"><span class='ocrx_word' id='word_1_103' title='bbox 216 1545 373 1633; x_wconf 68' lang='grc' dir='ltr'>δυνάμεις,</span> <span class='ocrx_word' id='word_1_104' title='bbox 397 1546 428 1609; x_wconf 85' lang='grc' dir='ltr'>οἱ</span> <span class='ocrx_word' id='word_1_105' title='bbox 447 1547 504 1625; x_wconf 82' lang='grc' dir='ltr'>μὲν</span> <span class='ocrx_word' id='word_1_106' title='bbox 522 1545 676 1623; x_wconf 69' lang='grc' dir='ltr'>Ἕλληνες</span> <span class='ocrx_word' id='word_1_107' title='bbox 694 1544 933 1609; x_wconf 55' lang='lat' dir='ltr'>seinvicem&amp;</span> <span class='ocrx_word' id='word_1_108' title='bbox 952 1543 1041 1628; x_wconf 74' lang='lat' dir='ltr'>urb).</span> <span class='ocrx_word' id='word_1_109' title='bbox 1077 1544 1115 1607; x_wconf 89' lang='lat' dir='ltr'>In</span> <span class='ocrx_word' id='word_1_110' title='bbox 1135 1546 1250 1609; x_wconf 90' lang='lat' dir='ltr'>ceteris</span> <span class='ocrx_word' id='word_1_111' title='bbox 1270 1551 1396 1634; x_wconf 89' lang='lat' dir='ltr'>autem,</span> 
     </span>
     <span class='ocr_line' id='line_1_13' title="bbox 216 1652 1394 1738; baseline 0.002 -21"><span class='ocrx_word' id='word_1_112' title='bbox 216 1653 243 1717; x_wconf 88' lang='lat' dir='ltr'>si</span> <span class='ocrx_word' id='word_1_113' title='bbox 272 1675 291 1716; x_wconf 90' lang='lat' dir='ltr'>a</span> <span class='ocrx_word' id='word_1_114' title='bbox 319 1675 387 1737; x_wconf 92' lang='lat' dir='ltr'>cap.</span> <span class='ocrx_word' id='word_1_115' title='bbox 411 1654 454 1718; x_wconf 86' lang='grc'>24</span> <span class='ocrx_word' id='word_1_116' title='bbox 483 1656 689 1738; x_wconf 88' lang='lat' dir='ltr'>argumento,</span> <span class='ocrx_word' id='word_1_117' title='bbox 716 1652 803 1717; x_wconf 90' lang='lat' dir='ltr'>haud</span> <span class='ocrx_word' id='word_1_118' title='bbox 835 1652 883 1716; x_wconf 89' lang='lat' dir='ltr'>ita</span> <span class='ocrx_word' id='word_1_119' title='bbox 911 1652 1035 1716; x_wconf 83' lang='lat' dir='ltr'>diverse</span> <span class='ocrx_word' id='word_1_120' title='bbox 1063 1654 1100 1716; x_wconf 92' lang='lat' dir='ltr'>ut</span> <span class='ocrx_word' id='word_1_121' title='bbox 1129 1653 1178 1716; x_wconf 89' lang='lat' dir='ltr'>vel</span> <span class='ocrx_word' id='word_1_122' title='bbox 1208 1654 1314 1718; x_wconf 88' lang='lat' dir='ltr'>obiter</span> <span class='ocrx_word' id='word_1_123' title='bbox 1344 1657 1394 1720; x_wconf 93' lang='lat' dir='ltr'>in·</span> 
     </span>
     <span class='ocr_line' id='line_1_14' title="bbox 216 1759 1396 1848; baseline 0.005 -26"><span class='ocrx_word' id='word_1_124' title='bbox 216 1759 365 1844; x_wconf 85' lang='lat' dir='ltr'>spicienti</span> <span class='ocrx_word' id='word_1_125' title='bbox 394 1763 529 1845; x_wconf 91' lang='lat' dir='ltr'>apparet</span> <span class='ocrx_word' id='word_1_126' title='bbox 558 1759 721 1844; x_wconf 85' lang='lat' dir='ltr'>exposito,</span> <span class='ocrx_word' id='word_1_127' title='bbox 749 1759 1002 1843; x_wconf 88' lang='lat' dir='ltr'>discesserimus,</span> <span class='ocrx_word' id='word_1_128' title='bbox 1030 1781 1134 1845; x_wconf 89' lang='lat' dir='ltr'>neque</span> <span class='ocrx_word' id='word_1_129' title='bbox 1157 1781 1263 1825; x_wconf 89' lang='lat' dir='ltr'>rerum</span> <span class='ocrx_word' id='word_1_130' title='bbox 1285 1784 1396 1848; x_wconf 89' lang='lat' dir='ltr'>neque</span> 
     </span>
     <span class='ocr_line' id='line_1_15' title="bbox 215 1866 1396 1950; baseline 0.003 -19"><span class='ocrx_word' id='word_1_131' title='bbox 215 1866 387 1932; x_wconf 86' lang='lat' dir='ltr'>verborum</span> <span class='ocrx_word' id='word_1_132' title='bbox 420 1869 567 1950; x_wconf 85' lang='lat' dir='ltr'>apertam</span> <span class='ocrx_word' id='word_1_133' title='bbox 600 1866 846 1931; x_wconf 85' lang='lat' dir='ltr'>similitudinem</span> <span class='ocrx_word' id='word_1_134' title='bbox 878 1866 1120 1949; x_wconf 80' lang='lat' dir='ltr'>perspiciemus</span> <span class='ocrx_word' id='word_1_135' title='bbox 1175 1868 1220 1932; x_wconf 85' lang='lat' dir='ltr'>At</span> <span class='ocrx_word' id='word_1_136' title='bbox 1249 1891 1324 1934; x_wconf 91' lang='lat' dir='ltr'>cum</span> <span class='ocrx_word' id='word_1_137' title='bbox 1358 1871 1396 1935; x_wconf 90' lang='lat' dir='ltr'>in</span> 
     </span>
     <span class='ocr_line' id='line_1_16' title="bbox 216 1972 1422 2059; baseline 0.003 -22"><span class='ocrx_word' id='word_1_138' title='bbox 216 1996 284 2059; x_wconf 90' lang='lat' dir='ltr'>cap.</span> <span class='ocrx_word' id='word_1_139' title='bbox 306 1976 433 2039; x_wconf 87' lang='grc'>19-21</span> <span class='ocrx_word' id='word_1_140' title='bbox 459 1973 636 2039; x_wconf 92' lang='lat' dir='ltr'>Diodorum</span> <span class='ocrx_word' id='word_1_141' title='bbox 659 1972 828 2057; x_wconf 83' lang='lat' dir='ltr'><strong>Ephorum</strong></span> <span class='ocrx_word' id='word_1_142' title='bbox 852 1977 1038 2039; x_wconf 82' lang='lat' dir='ltr'>constanter</span> <span class='ocrx_word' id='word_1_143' title='bbox 1063 1979 1207 2039; x_wconf 89' lang='lat' dir='ltr'>secutum</span> <span class='ocrx_word' id='word_1_144' title='bbox 1231 1997 1300 2039; x_wconf 88' lang='lat' dir='ltr'>esse</span> <span class='ocrx_word' id='word_1_145' title='bbox 1325 1999 1396 2041; x_wconf 94' lang='lat' dir='ltr'>non</span> <span class='ocrx_word' id='word_1_146' title='bbox 1419 2044 1422 2049; x_wconf 61' lang='grc'>,</span> 
     </span>
     <span class='ocr_line' id='line_1_17' title="bbox 132 2081 1396 2182; baseline 0.006 -38"><span class='ocrx_word' id='word_1_147' title='bbox 132 2101 138 2109; x_wconf 88' lang='lat'><strong>·</strong></span> <span class='ocrx_word' id='word_1_148' title='bbox 213 2081 365 2167; x_wconf 85' lang='lat' dir='ltr'>habeam,</span> <span class='ocrx_word' id='word_1_149' title='bbox 395 2083 479 2167; x_wconf 93' lang='lat' dir='ltr'>quod</span> <span class='ocrx_word' id='word_1_150' title='bbox 507 2103 636 2168; x_wconf 84' lang='lat' dir='ltr'>negem,</span> <span class='ocrx_word' id='word_1_151' title='bbox 663 2082 697 2146; x_wconf 94' lang='lat' dir='ltr'>in</span> <span class='ocrx_word' id='word_1_152' title='bbox 724 2104 763 2146; x_wconf 88' lang='lat' dir='ltr'>ea</span> <span class='ocrx_word' id='word_1_153' title='bbox 790 2087 899 2168; x_wconf 88' lang='lat' dir='ltr'>parte,</span> <span class='ocrx_word' id='word_1_154' title='bbox 927 2104 1009 2167; x_wconf 90' lang='lat' dir='ltr'>quae</span> <span class='ocrx_word' id='word_1_155' title='bbox 1039 2085 1089 2146; x_wconf 89' lang='lat' dir='ltr'>est</span> <span class='ocrx_word' id='word_1_156' title='bbox 1115 2082 1190 2147; x_wconf 92' lang='lat' dir='ltr'>de</span> <span class='ocrx_word' id='word_1_157' title='bbox 1182 2105 1253 2167; x_wconf 82' lang='lat' dir='ltr'>ipsa</span> <span class='ocrx_word' id='word_1_158' title='bbox 1279 2105 1396 2182; x_wconf 88' lang='lat' dir='ltr'>pugna</span> 
     </span>
     <span class='ocr_line' id='line_1_18' title="bbox 214 2170 1395 2309; baseline 0.003 -55"><span class='ocrx_word' id='word_1_159' title='bbox 214 2170 388 2309; x_wconf 79' lang='lat'>(22-24),</span> <span class='ocrx_word' id='word_1_160' title='bbox 421 2190 500 2253; x_wconf 92' lang='lat' dir='ltr'>adeo</span> <span class='ocrx_word' id='word_1_161' title='bbox 528 2189 654 2273; x_wconf 81' lang='lat' dir='ltr'>Ephori</span> <span class='ocrx_word' id='word_1_162' title='bbox 688 2189 829 2275; x_wconf 85' lang='lat' dir='ltr'>vestigia</span> <span class='ocrx_word' id='word_1_163' title='bbox 857 2212 929 2253; x_wconf 90' lang='lat' dir='ltr'>eum</span> <span class='ocrx_word' id='word_1_164' title='bbox 956 2187 1395 2273; x_wconf 84' lang='lat' dir='ltr'>pressisse,utaueturem</span> 
     </span>
     <span class='ocr_line' id='line_1_19' title="bbox 214 2295 1395 2383; baseline 0.003 -23"><span class='ocrx_word' id='word_1_165' title='bbox 214 2297 306 2361; x_wconf 92' lang='lat' dir='ltr'>illum</span> <span class='ocrx_word' id='word_1_166' title='bbox 338 2296 444 2360; x_wconf 90' lang='lat' dir='ltr'>minus</span> <span class='ocrx_word' id='word_1_167' title='bbox 477 2298 622 2383; x_wconf 81' lang='lat' dir='ltr'>magisve</span> <span class='ocrx_word' id='word_1_168' title='bbox 655 2296 863 2375; x_wconf 77' lang='lat' dir='ltr'>exscriberet,</span> <span class='ocrx_word' id='word_1_169' title='bbox 900 2295 1033 2380; x_wconf 88' lang='lat' dir='ltr'>probari</span> <span class='ocrx_word' id='word_1_170' title='bbox 1065 2317 1132 2360; x_wconf 91' lang='lat' dir='ltr'>non</span> <span class='ocrx_word' id='word_1_171' title='bbox 1163 2300 1221 2380; x_wconf 92' lang='lat' dir='ltr'>pot</span> <span class='ocrx_word' id='word_1_172' title='bbox 1222 2301 1280 2362; x_wconf 87' lang='lat' dir='ltr'>est.</span> <span class='ocrx_word' id='word_1_173' title='bbox 1337 2298 1395 2365; x_wconf 88' lang='lat' dir='ltr'>An</span> 
     </span>
     <span class='ocr_line' id='line_1_20' title="bbox 215 2399 1394 2489; baseline 0.003 -22"><span class='ocrx_word' id='word_1_174' title='bbox 215 2403 300 2487; x_wconf 92' lang='lat' dir='ltr'>quod</span> <span class='ocrx_word' id='word_1_175' title='bbox 322 2425 442 2468; x_wconf 92' lang='lat' dir='ltr'>nomen</span> <span class='ocrx_word' id='word_1_176' title='bbox 460 2403 697 2488; x_wconf 72' lang='lat' dir='ltr'>TissapherniS,</span> <span class='ocrx_word' id='word_1_177' title='bbox 721 2426 739 2467; x_wconf 89' lang='lat' dir='ltr'>a</span> <span class='ocrx_word' id='word_1_178' title='bbox 757 2402 975 2486; x_wconf 90' lang='lat' dir='ltr'>Xenophonte</span> <span class='ocrx_word' id='word_1_179' title='bbox 999 2399 1039 2489; x_wconf 81' lang='lat' dir='ltr'>(I,</span> <span class='ocrx_word' id='word_1_180' title='bbox 1058 2403 1088 2486; x_wconf 94' lang='lat'>2,</span> <span class='ocrx_word' id='word_1_181' title='bbox 1102 2401 1137 2488; x_wconf 88' lang='grc'>4)</span> <span class='ocrx_word' id='word_1_182' title='bbox 1162 2406 1195 2467; x_wconf 92' lang='lat' dir='ltr'>et</span> <span class='ocrx_word' id='word_1_183' title='bbox 1212 2403 1394 2472; x_wconf 89' lang='lat' dir='ltr'>Plutarcho</span> 
     </span>
     <span class='ocr_line' id='line_1_21' title="bbox 215 2506 1392 2598; baseline 0.002 -22"><span class='ocrx_word' id='word_1_184' title='bbox 215 2507 343 2598; x_wconf 84' lang='lat' dir='ltr'>(Artax.</span> <span class='ocrx_word' id='word_1_185' title='bbox 363 2512 393 2595; x_wconf 90' lang='grc'>6,</span> <span class='ocrx_word' id='word_1_186' title='bbox 412 2510 447 2594; x_wconf 83' lang='grc'>5)</span> <span class='ocrx_word' id='word_1_187' title='bbox 470 2514 555 2575; x_wconf 89' lang='lat' dir='ltr'>recte</span> <span class='ocrx_word' id='word_1_188' title='bbox 578 2511 751 2595; x_wconf 90' lang='lat' dir='ltr'>proditum,</span> <span class='ocrx_word' id='word_1_189' title='bbox 775 2531 848 2573; x_wconf 92' lang='lat' dir='ltr'>cum</span> <span class='ocrx_word' id='word_1_190' title='bbox 866 2508 1079 2573; x_wconf 83' lang='lat' dir='ltr'>Pharnabaz&#39;o</span> <span class='ocrx_word' id='word_1_191' title='bbox 1104 2506 1172 2594; x_wconf 85' lang='lat'>(22,</span> <span class='ocrx_word' id='word_1_192' title='bbox 1193 2507 1226 2596; x_wconf 84' lang='lat'>1)</span> <span class='ocrx_word' id='word_1_193' title='bbox 1246 2533 1392 2578; x_wconf 91' lang='lat' dir='ltr'>commu-</span> 
     </span>
     <span class='ocr_line' id='line_1_22' title="bbox 212 2615 1394 2702; baseline 0.003 -20"><span class='ocrx_word' id='word_1_194' title='bbox 212 2621 317 2702; x_wconf 94' lang='lat' dir='ltr'>tatur,</span> <span class='ocrx_word' id='word_1_195' title='bbox 355 2617 513 2682; x_wconf 89' lang='lat' dir='ltr'>eiusmodi</span> <span class='ocrx_word' id='word_1_196' title='bbox 549 2615 790 2702; x_wconf 87' lang='lat' dir='ltr'>neglegentiam</span> <span class='ocrx_word' id='word_1_197' title='bbox 828 2616 869 2680; x_wconf 88' lang='lat' dir='ltr'>ab</span> <span class='ocrx_word' id='word_1_198' title='bbox 906 2615 1040 2699; x_wconf 77' lang='lat' dir='ltr'>Ephoro</span> <span class='ocrx_word' id='word_1_199' title='bbox 1078 2615 1246 2701; x_wconf 88' lang='lat' dir='ltr'>originem·</span> <span class='ocrx_word' id='word_1_200' title='bbox 1274 2619 1394 2686; x_wconf 89' lang='lat' dir='ltr'>ducere</span> 
     </span>
     <span class='ocr_line' id='line_1_23' title="bbox 214 2721 1392 2809; baseline 0.002 -19"><span class='ocrx_word' id='word_1_201' title='bbox 214 2725 433 2791; x_wconf 80' lang='lat' dir='ltr'>arbitremur?</span> <span class='ocrx_word' id='word_1_202' title='bbox 492 2723 585 2799; x_wconf 80' lang='lat' dir='ltr'>Quod</span> <span class='ocrx_word' id='word_1_203' title='bbox 626 2724 727 2809; x_wconf 88' lang='lat' dir='ltr'>igitur</span> <span class='ocrx_word' id='word_1_204' title='bbox 768 2721 972 2787; x_wconf 87' lang='lat' dir='ltr'>Pharnabazi</span> <span class='ocrx_word' id='word_1_205' title='bbox 1013 2744 1131 2787; x_wconf 90' lang='lat' dir='ltr'>nomen</span> <span class='ocrx_word' id='word_1_206' title='bbox 1173 2723 1272 2788; x_wconf 90' lang='lat' dir='ltr'>etiam</span> <span class='ocrx_word' id='word_1_207' title='bbox 1315 2727 1392 2793; x_wconf 88' lang='lat' dir='ltr'>aliis</span> 
     </span>
     <span class='ocr_line' id='line_1_24' title="bbox 212 2830 1392 2918; baseline 0.002 -21"><span class='ocrx_word' id='word_1_208' title='bbox 212 2832 384 2897; x_wconf 89' lang='lat' dir='ltr'>Diodoreis</span> <span class='ocrx_word' id='word_1_209' title='bbox 412 2833 493 2897; x_wconf 89' lang='lat' dir='ltr'>locis</span> <span class='ocrx_word' id='word_1_210' title='bbox 521 2833 605 2896; x_wconf 84' lang='lat' dir='ltr'>falso</span> <span class='ocrx_word' id='word_1_211' title='bbox 634 2853 693 2917; x_wconf 93' lang='lat' dir='ltr'>pro</span> <span class='ocrx_word' id='word_1_212' title='bbox 718 2830 935 2915; x_wconf 84' lang='lat' dir='ltr'>Tissapherne</span> <span class='ocrx_word' id='word_1_213' title='bbox 958 2831 1105 2915; x_wconf 89' lang='lat' dir='ltr'>ponitur,</span> <span class='ocrx_word' id='word_1_214' title='bbox 1133 2831 1194 2896; x_wconf 88' lang='lat' dir='ltr'>hoc</span> <span class='ocrx_word' id='word_1_215' title='bbox 1216 2834 1392 2918; x_wconf 86' lang='lat' dir='ltr'>proprium</span> 
     </span>
     <span class='ocr_line' id='line_1_25' title="bbox 213 2937 1393 3027; baseline 0.005 -25"><span class='ocrx_word' id='word_1_216' title='bbox 213 2938 348 3004; x_wconf 90' lang='lat' dir='ltr'>Diodori</span> <span class='ocrx_word' id='word_1_217' title='bbox 384 2940 501 3004; x_wconf 84' lang='lat' dir='ltr'>vitium</span> <span class='ocrx_word' id='word_1_218' title='bbox 539 2961 609 3004; x_wconf 89' lang='lat' dir='ltr'>esse</span> <span class='ocrx_word' id='word_1_219' title='bbox 645 2939 753 3004; x_wconf 88' lang='lat' dir='ltr'>nescio</span> <span class='ocrx_word' id='word_1_220' title='bbox 787 2962 829 3004; x_wconf 87' lang='lat' dir='ltr'>an</span> <span class='ocrx_word' id='word_1_221' title='bbox 861 2941 946 3003; x_wconf 88' lang='lat' dir='ltr'>recte</span> <span class='ocrx_word' id='word_1_222' title='bbox 983 2960 1055 3002; x_wconf 92' lang='lat' dir='ltr'>cum</span> <span class='ocrx_word' id='word_1_223' title='bbox 1093 2937 1393 3027; x_wconf 78' lang='lat' dir='ltr'>Velquardseni0²)</span> 
     </span>
     <span class='ocr_line' id='line_1_26' title="bbox 214 3045 1392 3136; baseline 0.003 -25"><span class='ocrx_word' id='word_1_224' title='bbox 214 3051 408 3112; x_wconf 87' lang='lat' dir='ltr'>statuamus.</span> <span class='ocrx_word' id='word_1_225' title='bbox 446 3045 508 3111; x_wconf 83' lang='lat' dir='ltr'>Sed</span> <span class='ocrx_word' id='word_1_226' title='bbox 528 3047 556 3111; x_wconf 87' lang='lat' dir='ltr'>is</span> <span class='ocrx_word' id='word_1_227' title='bbox 575 3047 703 3131; x_wconf 91' lang='lat' dir='ltr'>quidem</span> <span class='ocrx_word' id='word_1_228' title='bbox 721 3047 768 3111; x_wconf 89' lang='lat' dir='ltr'>ita</span> <span class='ocrx_word' id='word_1_229' title='bbox 787 3069 856 3111; x_wconf 90' lang='lat' dir='ltr'>rem</span> <span class='ocrx_word' id='word_1_230' title='bbox 874 3047 1118 3130; x_wconf 89' lang='lat' dir='ltr'>interpretatus,</span> <span class='ocrx_word' id='word_1_231' title='bbox 1143 3050 1180 3110; x_wconf 94' lang='lat' dir='ltr'>ut</span> <span class='ocrx_word' id='word_1_232' title='bbox 1198 3047 1392 3136; x_wconf 93' lang='lat' dir='ltr'>Diodorum,</span> 
     </span>
     <span class='ocr_line' id='line_1_27' title="bbox 212 3152 1392 3239; baseline 0.003 -21"><span class='ocrx_word' id='word_1_233' title='bbox 212 3159 386 3238; x_wconf 89' lang='lat' dir='ltr'>postquam</span> <span class='ocrx_word' id='word_1_234' title='bbox 411 3153 512 3218; x_wconf 89' lang='lat' dir='ltr'>semel</span> <span class='ocrx_word' id='word_1_235' title='bbox 532 3153 653 3218; x_wconf 87' lang='lat' dir='ltr'>falsum</span> <span class='ocrx_word' id='word_1_236' title='bbox 680 3176 799 3219; x_wconf 90' lang='lat' dir='ltr'>nomen</span> <span class='ocrx_word' id='word_1_237' title='bbox 822 3153 989 3237; x_wconf 88' lang='lat' dir='ltr'>edidisset,</span> <span class='ocrx_word' id='word_1_238' title='bbox 1017 3152 1124 3217; x_wconf 92' lang='lat' dir='ltr'>locum</span> <span class='ocrx_word' id='word_1_239' title='bbox 1148 3153 1308 3239; x_wconf 88' lang='lat' dir='ltr'>corrigere</span> <span class='ocrx_word' id='word_1_240' title='bbox 1332 3177 1392 3222; x_wconf 90' lang='lat' dir='ltr'>no-</span> 
     </span>
     <span class='ocr_line' id='line_1_28' title="bbox 213 3259 1389 3346; baseline 0.002 -22"><span class='ocrx_word' id='word_1_241' title='bbox 213 3261 335 3324; x_wconf 89' lang='lat' dir='ltr'>lentem</span> <span class='ocrx_word' id='word_1_242' title='bbox 369 3261 517 3325; x_wconf 87' lang='lat' dir='ltr'>consulto</span> <span class='ocrx_word' id='word_1_243' title='bbox 551 3261 586 3324; x_wconf 94' lang='lat' dir='ltr'>in</span> <span class='ocrx_word' id='word_1_244' title='bbox 617 3265 686 3325; x_wconf 86' lang='lat' dir='ltr'>tam</span> <span class='ocrx_word' id='word_1_245' title='bbox 717 3282 869 3345; x_wconf 81' lang='lat' dir='ltr'>perversa</span> <span class='ocrx_word' id='word_1_246' title='bbox 900 3259 1040 3325; x_wconf 89' lang='lat' dir='ltr'>nominis</span> <span class='ocrx_word' id='word_1_247' title='bbox 1070 3261 1252 3326; x_wconf 84' lang='lat' dir='ltr'>mutatione</span> <span class='ocrx_word' id='word_1_248' title='bbox 1279 3283 1389 3346; x_wconf 87' lang='lat' dir='ltr'>perse-</span> 
     </span>
     <span class='ocr_line' id='line_1_29' title="bbox 212 3367 1390 3460; baseline 0.001 -27"><span class='ocrx_word' id='word_1_249' title='bbox 212 3389 341 3433; x_wconf 82' lang='lat' dir='ltr'>uerasse</span> <span class='ocrx_word' id='word_1_250' title='bbox 366 3369 500 3453; x_wconf 87' lang='lat' dir='ltr'>statuat,</span> <span class='ocrx_word' id='word_1_251' title='bbox 518 3390 631 3460; x_wconf 23' lang='lat' dir='ltr'>,veram</span> <span class='ocrx_word' id='word_1_252' title='bbox 655 3369 763 3432; x_wconf 91' lang='lat' dir='ltr'>mendi</span> <span class='ocrx_word' id='word_1_253' title='bbox 786 3389 917 3432; x_wconf 91' lang='lat' dir='ltr'>causam</span> <span class='ocrx_word' id='word_1_254' title='bbox 940 3388 1007 3431; x_wconf 91' lang='lat' dir='ltr'>non</span> <span class='ocrx_word' id='word_1_255' title='bbox 1028 3368 1233 3452; x_wconf 88' lang='lat' dir='ltr'>perspexisse</span> <span class='ocrx_word' id='word_1_256' title='bbox 1252 3367 1390 3434; x_wconf 85' lang='lat' dir='ltr'>videtur.</span> 
     </span>
     <span class='ocr_line' id='line_1_30' title="bbox 212 3473 1387 3559; baseline 0.003 -20"><span class='ocrx_word' id='word_1_257' title='bbox 212 3473 298 3539; x_wconf 90' lang='lat' dir='ltr'>Nam</span> <span class='ocrx_word' id='word_1_258' title='bbox 327 3475 375 3539; x_wconf 89' lang='lat' dir='ltr'>ita</span> <span class='ocrx_word' id='word_1_259' title='bbox 403 3475 430 3538; x_wconf 89' lang='lat' dir='ltr'>si</span> <span class='ocrx_word' id='word_1_260' title='bbox 458 3496 509 3540; x_wconf 90' lang='lat' dir='ltr'>res</span> <span class='ocrx_word' id='word_1_261' title='bbox 538 3497 572 3540; x_wconf 88' lang='lat' dir='ltr'>se</span> <span class='ocrx_word' id='word_1_262' title='bbox 600 3475 749 3559; x_wconf 90' lang='lat' dir='ltr'>haberet,</span> <span class='ocrx_word' id='word_1_263' title='bbox 777 3496 850 3538; x_wconf 92' lang='lat' dir='ltr'>cum</span> <span class='ocrx_word' id='word_1_264' title='bbox 877 3474 1019 3558; x_wconf 92' lang='lat' dir='ltr'>primum</span> <span class='ocrx_word' id='word_1_265' title='bbox 1042 3474 1275 3559; x_wconf 86' lang='lat' dir='ltr'>Tissaphernes</span> <span class='ocrx_word' id='word_1_266' title='bbox 1298 3476 1387 3542; x_wconf 86' lang='lat' dir='ltr'>iusto</span> 
     </span>
     <span class='ocr_line' id='line_1_31' title="bbox 213 3580 1388 3668; baseline 0.002 -22"><span class='ocrx_word' id='word_1_267' title='bbox 213 3583 283 3646; x_wconf 92' lang='lat' dir='ltr'>loco</span> <span class='ocrx_word' id='word_1_268' title='bbox 299 3580 365 3667; x_wconf 86' lang='lat'>(23,</span> <span class='ocrx_word' id='word_1_269' title='bbox 381 3580 415 3668; x_wconf 76' lang='lat'>7)</span> <span class='ocrx_word' id='word_1_270' title='bbox 430 3586 627 3647; x_wconf 89' lang='lat' dir='ltr'>memoratus</span> <span class='ocrx_word' id='word_1_271' title='bbox 647 3584 705 3666; x_wconf 92' lang='lat' dir='ltr'>est,</span> <span class='ocrx_word' id='word_1_272' title='bbox 723 3581 870 3646; x_wconf 75' lang='lat' dir='ltr'>futurum</span> <span class='ocrx_word' id='word_1_273' title='bbox 884 3581 995 3666; x_wconf 88' lang='lat' dir='ltr'>fuisse,</span> <span class='ocrx_word' id='word_1_274' title='bbox 1013 3586 1050 3647; x_wconf 94' lang='lat' dir='ltr'>ut</span> <span class='ocrx_word' id='word_1_275' title='bbox 1064 3580 1151 3666; x_wconf 88' lang='lat' dir='ltr'>XIV,</span> <span class='ocrx_word' id='word_1_276' title='bbox 1166 3582 1218 3667; x_wconf 83' lang='lat'>35,</span> <span class='ocrx_word' id='word_1_277' title='bbox 1232 3583 1253 3647; x_wconf 93' lang='lat'>2</span> <span class='ocrx_word' id='word_1_278' title='bbox 1267 3583 1388 3648; x_wconf 90' lang='lat' dir='ltr'>iterum</span> 
     </span>
     <span class='ocr_line' id='line_1_32' title="bbox 213 3688 1387 3773; baseline 0.004 -22"><span class='ocrx_word' id='word_1_279' title='bbox 213 3710 286 3752; x_wconf 91' lang='lat' dir='ltr'>cum</span> <span class='ocrx_word' id='word_1_280' title='bbox 300 3688 512 3754; x_wconf 88' lang='lat' dir='ltr'>Pharnabazo</span> <span class='ocrx_word' id='word_1_281' title='bbox 527 3692 717 3772; x_wconf 89' lang='lat' dir='ltr'>mutaretur,</span> <span class='ocrx_word' id='word_1_282' title='bbox 731 3689 800 3753; x_wconf 89' lang='lat' dir='ltr'>veri</span> <span class='ocrx_word' id='word_1_283' title='bbox 814 3691 900 3753; x_wconf 88' lang='lat' dir='ltr'>esset</span> <span class='ocrx_word' id='word_1_284' title='bbox 914 3688 1176 3752; x_wconf 89' lang='lat' dir='ltr'>dissimillimum.</span> <span class='ocrx_word' id='word_1_285' title='bbox 1202 3688 1248 3751; x_wconf 88' lang='lat' dir='ltr'>At</span> <span class='ocrx_word' id='word_1_286' title='bbox 1263 3694 1387 3773; x_wconf 89' lang='lat' dir='ltr'>quante</span> 
     </span>
     <span class='ocr_line' id='line_1_33' title="bbox 213 3794 1387 3880; baseline 0.002 -22"><span class='ocrx_word' id='word_1_287' title='bbox 213 3796 419 3871; x_wconf 84' lang='lat' dir='ltr'>verisimilius</span> <span class='ocrx_word' id='word_1_288' title='bbox 443 3818 514 3861; x_wconf 88' lang='lat' dir='ltr'>esse</span> <span class='ocrx_word' id='word_1_289' title='bbox 536 3794 673 3880; x_wconf 84' lang='lat' dir='ltr'>videtur,</span> <span class='ocrx_word' id='word_1_290' title='bbox 697 3817 785 3860; x_wconf 88' lang='lat' dir='ltr'>mera</span> <span class='ocrx_word' id='word_1_291' title='bbox 803 3795 927 3860; x_wconf 88' lang='lat' dir='ltr'>incuria</span> <span class='ocrx_word' id='word_1_292' title='bbox 946 3798 979 3858; x_wconf 91' lang='lat' dir='ltr'>et</span> <span class='ocrx_word' id='word_1_293' title='bbox 998 3795 1207 3880; x_wconf 87' lang='lat' dir='ltr'>neglegentia</span> <span class='ocrx_word' id='word_1_294' title='bbox 1225 3795 1387 3860; x_wconf 81' lang='lat' dir='ltr'>scribendi</span> 
     </span>
     <span class='ocr_line' id='line_1_34' title="bbox 117 3893 1386 3987; baseline 0.003 -22"><span class='ocrx_word' id='word_1_295' title='bbox 117 3893 119 3896; x_wconf 50' lang='grc'>’</span> <span class='ocrx_word' id='word_1_296' title='bbox 212 3902 390 3966; x_wconf 91' lang='lat' dir='ltr'>Diodorum</span> <span class='ocrx_word' id='word_1_297' title='bbox 414 3903 448 3966; x_wconf 93' lang='lat' dir='ltr'>in</span> <span class='ocrx_word' id='word_1_298' title='bbox 472 3924 582 3967; x_wconf 88' lang='lat' dir='ltr'>omnes</span> <span class='ocrx_word' id='word_1_299' title='bbox 605 3903 665 3966; x_wconf 90' lang='lat' dir='ltr'>hos</span> <span class='ocrx_word' id='word_1_300' title='bbox 690 3924 814 3968; x_wconf 87' lang='lat' dir='ltr'>errores</span> <span class='ocrx_word' id='word_1_301' title='bbox 837 3897 1031 3987; x_wconf 76' lang='lat' dir='ltr'>incidisse.³)</span> <span class='ocrx_word' id='word_1_302' title='bbox 1075 3900 1205 3966; x_wconf 83' lang='lat' dir='ltr'>Etenim</span> <span class='ocrx_word' id='word_1_303' title='bbox 1228 3924 1301 3966; x_wconf 91' lang='lat' dir='ltr'>cum</span> <span class='ocrx_word' id='word_1_304' title='bbox 1320 3925 1386 3969; x_wconf 93' lang='lat' dir='ltr'>non</span> 
     </span>
     <span class='ocr_line' id='line_1_35' title="bbox 211 4007 1385 4094; baseline 0.002 -22"><span class='ocrx_word' id='word_1_305' title='bbox 211 4009 259 4072; x_wconf 91' lang='lat' dir='ltr'>ita</span> <span class='ocrx_word' id='word_1_306' title='bbox 279 4012 444 4074; x_wconf 88' lang='lat' dir='ltr'>auctorem</span> <span class='ocrx_word' id='word_1_307' title='bbox 463 4013 658 4094; x_wconf 85' lang='lat' dir='ltr'>sequeretur,</span> <span class='ocrx_word' id='word_1_308' title='bbox 677 4014 714 4074; x_wconf 92' lang='lat' dir='ltr'>ut</span> <span class='ocrx_word' id='word_1_309' title='bbox 732 4009 801 4074; x_wconf 87' lang='lat' dir='ltr'>sine</span> <span class='ocrx_word' id='word_1_310' title='bbox 822 4008 941 4074; x_wconf 88' lang='lat' dir='ltr'>iudicio</span> <span class='ocrx_word' id='word_1_311' title='bbox 962 4007 1155 4074; x_wconf 85' lang='lat' dir='ltr'>adverbum</span> <span class='ocrx_word' id='word_1_312' title='bbox 1175 4029 1248 4072; x_wconf 92' lang='lat' dir='ltr'>eum</span> <span class='ocrx_word' id='word_1_313' title='bbox 1269 4009 1385 4074; x_wconf 86' lang='lat' dir='ltr'>exscri-</span> 
     </span>
    </p>
   </div>
   <div class='ocr_carea' id='block_1_5' title="bbox 212 4136 425 4143">
    <p class='ocr_par' dir='ltr' id='par_1_6' title="bbox 212 4136 425 4143">
     <span class='ocr_line' id='line_1_36' title="bbox 212 4136 425 4143; baseline 0.005 -1"><span class='ocrx_word' id='word_1_314' title='bbox 212 4136 425 4143; x_wconf 72' lang='lat'>——--—--</span> 
     </span>
    </p>
   </div>
   <div class='ocr_carea' id='block_1_6' title="bbox 211 4181 1387 4520">
    <p class='ocr_par' dir='ltr' id='par_1_7' title="bbox 213 4181 1387 4363">
     <span class='ocr_line' id='line_1_37' title="bbox 284 4181 1387 4255; baseline 0.002 -18"><span class='ocrx_word' id='word_1_315' title='bbox 284 4187 312 4252; x_wconf 82' lang='grc'>2)</span> <span class='ocrx_word' id='word_1_316' title='bbox 331 4185 583 4255; x_wconf 83' lang='lat' dir='ltr'>Untersuchungen</span> <span class='ocrx_word' id='word_1_317' title='bbox 600 4186 670 4240; x_wconf 81' lang='lat' dir='ltr'>uber</span> <span class='ocrx_word' id='word_1_318' title='bbox 688 4184 733 4240; x_wconf 89' lang='lat' dir='ltr'>die</span> <span class='ocrx_word' id='word_1_319' title='bbox 748 4184 868 4250; x_wconf 77' lang='lat' dir='ltr'>Quellen</span> <span class='ocrx_word' id='word_1_320' title='bbox 881 4184 931 4239; x_wconf 88' lang='lat' dir='ltr'>der</span> <span class='ocrx_word' id='word_1_321' title='bbox 944 4181 1137 4254; x_wconf 85' lang='lat' dir='ltr'>griechischen</span> <span class='ocrx_word' id='word_1_322' title='bbox 1155 4183 1212 4237; x_wconf 90' lang='lat' dir='ltr'>und</span> <span class='ocrx_word' id='word_1_323' title='bbox 1226 4183 1387 4240; x_wconf 85' lang='lat' dir='ltr'>sicilischen</span> 
     </span>
     <span class='ocr_line' id='line_1_38' title="bbox 213 4271 1241 4363; baseline 0.002 -37"><span class='ocrx_word' id='word_1_324' title='bbox 213 4271 401 4327; x_wconf 87' lang='lat' dir='ltr'>Geschichten</span> <span class='ocrx_word' id='word_1_325' title='bbox 418 4273 464 4327; x_wconf 90' lang='lat' dir='ltr'>bei</span> <span class='ocrx_word' id='word_1_326' title='bbox 483 4273 587 4329; x_wconf 91' lang='lat' dir='ltr'>Diodor</span> <span class='ocrx_word' id='word_1_327' title='bbox 605 4273 753 4340; x_wconf 87' lang='lat' dir='ltr'>XI-XVI,</span> <span class='ocrx_word' id='word_1_328' title='bbox 772 4273 836 4326; x_wconf 86' lang='lat' dir='ltr'>Kiel</span> <span class='ocrx_word' id='word_1_329' title='bbox 857 4278 933 4339; x_wconf 87' lang='grc'>1868,</span> <span class='ocrx_word' id='word_1_330' title='bbox 952 4290 1016 4342; x_wconf 90' lang='lat' dir='ltr'>pag.</span> <span class='ocrx_word' id='word_1_331' title='bbox 1038 4278 1097 4339; x_wconf 76' lang='lat'>127,</span> <span class='ocrx_word' id='word_1_332' title='bbox 1116 4271 1197 4327; x_wconf 88' lang='lat' dir='ltr'>Anm.</span> <span class='ocrx_word' id='word_1_333' title='bbox 1215 4279 1241 4363; x_wconf 58' lang='grc'>1.</span> 
     </span>
    </p>

    <p class='ocr_par' dir='ltr' id='par_1_8' title="bbox 211 4360 1386 4520">
     <span class='ocr_line' id='line_1_39' title="bbox 283 4360 1386 4431; baseline 0.002 -16"><span class='ocrx_word' id='word_1_334' title='bbox 283 4362 311 4426; x_wconf 86' lang='grc'>3)</span> <span class='ocrx_word' id='word_1_335' title='bbox 326 4361 403 4416; x_wconf 88' lang='lat' dir='ltr'>Idem</span> <span class='ocrx_word' id='word_1_336' title='bbox 418 4361 504 4416; x_wconf 88' lang='lat' dir='ltr'>sentit</span> <span class='ocrx_word' id='word_1_337' title='bbox 512 4361 647 4431; x_wconf 84' lang='lat' dir='ltr'>Frickius,</span> <span class='ocrx_word' id='word_1_338' title='bbox 661 4361 918 4429; x_wconf 32' lang='lat' dir='ltr'>Untersuohuugen·</span> <span class='ocrx_word' id='word_1_339' title='bbox 927 4361 997 4414; x_wconf 85' lang='lat' dir='ltr'>uber</span> <span class='ocrx_word' id='word_1_340' title='bbox 1010 4361 1055 4416; x_wconf 85' lang='lat' dir='ltr'>die</span> <span class='ocrx_word' id='word_1_341' title='bbox 1065 4360 1184 4427; x_wconf 80' lang='lat' dir='ltr'>Quellen</span> <span class='ocrx_word' id='word_1_342' title='bbox 1192 4361 1241 4415; x_wconf 87' lang='lat' dir='ltr'>des</span> <span class='ocrx_word' id='word_1_343' title='bbox 1251 4361 1386 4417; x_wconf 84' lang='lat' dir='ltr'>Plutarch</span> 
     </span>
     <span class='ocr_line' id='line_1_40' title="bbox 211 4447 975 4520; baseline 0.001 -16"><span class='ocrx_word' id='word_1_344' title='bbox 211 4448 251 4504; x_wconf 84' lang='lat' dir='ltr'>im</span> <span class='ocrx_word' id='word_1_345' title='bbox 269 4447 369 4505; x_wconf 83' lang='lat' dir='ltr'>Nihias</span> <span class='ocrx_word' id='word_1_346' title='bbox 387 4450 444 4504; x_wconf 89' lang='lat' dir='ltr'>und</span> <span class='ocrx_word' id='word_1_347' title='bbox 462 4449 635 4520; x_wconf 85' lang='lat' dir='ltr'>Alkibiades,</span> <span class='ocrx_word' id='word_1_348' title='bbox 652 4450 769 4520; x_wconf 81' lang='lat' dir='ltr'>Leipzig</span> <span class='ocrx_word' id='word_1_349' title='bbox 789 4455 867 4519; x_wconf 82' lang='grc'>1869,</span> <span class='ocrx_word' id='word_1_350' title='bbox 885 4468 912 4520; x_wconf 91' lang='lat' dir='ltr'>p.</span> <span class='ocrx_word' id='word_1_351' title='bbox 932 4454 975 4505; x_wconf 87' lang='lat'>68.</span> 
     </span>
    </p>
   </div>
   <div class='ocr_carea' id='block_1_7' title="bbox 0 0 1482 4980">
    <p class='ocr_par' dir='ltr' id='par_1_9' title="bbox 0 0 1482 4980">
     <span class='ocr_line' id='line_1_41' title="bbox 0 0 1482 4980; baseline 0 2"><span class='ocrx_word' id='word_1_352' title='bbox 0 0 1482 4980; x_wconf 95' lang='lat' dir='ltr'> </span> 
     </span>
    </p>
   </div>
  </div>
 </body>
</html>
